3832 4760
195 3815 217 3884 ‘i

341 385 394 434 ¹14
577 361 732 422 PASSIO
760 361 824 420 ET
845 359 1080 421 MIRACULA
1114 361 1257 419 BEATI
1284 361 1428 422 OLAUI.

338 581 532 646 dicentium:
563 583 618 644 uix
649 583 782 646 insuetis
813 583 845 644 in
877 591 1031 663 prouecta
1062 591 1152 646 etate
1180 593 1324 645 mercatu
1356 582 1531 645 succedere
1542 579 1561 658 ¹,
1590 582 1679 646 unde

338 703 444 784 potius
469 703 511 766 ad
537 704 634 766 deum
658 714 691 767 et
713 715 863 767 sanctum
885 703 1019 766 olauum
1047 703 1198 784 precibus
1226 714 1258 767 et
1282 712 1361 766 uoto
1385 713 1521 766 monent
1544 721 1682 766 conuer-

336 823 481 886 tendum.
526 823 646 888 Libens
671 826 782 906 itaque
804 832 919 886 uotum
941 824 1054 900 subeo,
1078 823 1275 905 promittens
1295 825 1396 888 beato
1411 823 1521 889 Olauo
1540 822 1679 906 singulis

337 945 429 1008 annis
450 965 492 1008 ex
514 946 667 1009 armentis
689 943 954 1026 primogenitum.
1002 943 1087 1005 Mira
1114 943 1184 1006 res!
1231 942 1293 1006 Per
1318 953 1447 1025 septem
1473 964 1579 1008 annos
1601 963 1680 1006 con-

336 1067 443 1128 tinuos
464 1073 541 1129 ante
559 1073 672 1128 uotum
695 1084 755 1127 nec
778 1062 900 1125 uitulus
922 1082 1006 1124 unus
1028 1061 1140 1125 uiuere
1162 1062 1280 1142 potuit.
1328 1063 1392 1124 His
1411 1073 1524 1126 autem
1540 1063 1645 1126 tribus
1661 1084 1682 1126 a

336 1195 414 1250 uoto
434 1186 632 1248 currentibus
654 1185 717 1246 iam
739 1181 913 1246 duodecim
936 1189 1164 1262 peruenerunt,
1180 1201 1224 1243 ex
1244 1181 1364 1262 quibus
1386 1182 1462 1259 duo,
1485 1183 1541 1262 qui
1565 1190 1681 1244 uotum

338 1307 536 1388 contingunt,
559 1305 602 1368 ad
624 1302 832 1366 nutriendum
855 1301 946 1366 domi
970 1310 1152 1366 remanent.
1200 1300 1297 1364 Hunc
1319 1309 1441 1379 autem,
1464 1299 1622 1382 quoniam
1647 1300 1680 1362 in

337 1435 424 1490 etate
439 1435 506 1488 erat
522 1425 712 1506 prouectior,
728 1423 761 1485 in
777 1423 846 1486 uoti
861 1424 1019 1486 deuotam
1036 1423 1287 1504 prelibationem
1304 1421 1482 1484 offerimus.

421 1545 476 1607 Ad
498 1544 557 1607 hec
578 1543 693 1607 mulier
706 1543 858 1626 quedam,
880 1563 939 1625 per
961 1545 1167 1624 septennium
1188 1563 1232 1608 ex
1253 1563 1429 1607 neruorum
1453 1540 1678 1606 contractione

337 1656 439 1720 offitio
464 1659 584 1741 pedum
609 1658 739 1735 amisso,
767 1657 832 1719 iam
863 1676 922 1737 per
945 1656 1196 1737 quadriennium
1227 1656 1260 1717 in
1287 1655 1421 1719 ciuitate
1450 1664 1571 1729 nostra,
1597 1650 1680 1736 pro²

337 1775 498 1840 beneficiis
520 1776 730 1858 suscipiendis
753 1784 786 1840 et
808 1774 945 1839 ecclesie
968 1776 1165 1852 uisitatione,
1187 1796 1344 1838 manuum
1368 1777 1484 1840 annisu
1508 1776 1679 1838 incuruata

337 1895 531 1972 trahebatur,
546 1915 609 1976 que
629 1916 704 1958 cum
720 1898 752 1958 in
771 1894 935 1958 dominica
954 1896 1204 1958 annuntiatione
1226 1897 1258 1958 in
1275 1895 1413 1958 ecclesia
1429 1894 1519 1957 beati
1536 1892 1679 1955 martiris

337 2023 549 2094 pernoctaret,
577 2015 738 2078 dominice
764 2015 869 2095 gratie
896 2015 1047 2077 nuntium
1074 2016 1117 2077 ad
1149 2013 1329 2096 perfectam
1356 2015 1534 2077 sanitatem
1559 2014 1679 2075 meruit

337 2133 505 2215 suscipere.

423 2251 497 2315 Non
513 2253 670 2330 inmerito,
686 2252 808 2328 fratres,
826 2255 951 2317 eisdem
968 2255 1000 2318 in
1017 2253 1096 2318 locis
1111 2255 1215 2318 sancti
1232 2255 1382 2318 martires
1405 2255 1529 2336 passim
1545 2253 1679 2316 chorus·

339 2383 413 2436 cant
431 2373 598 2450 miraculis,
613 2374 731 2455 quibus
746 2373 833 2450 olim,
850 2372 991 2438 ludibrio
1006 2373 1119 2452 habiti,
1137 2395 1197 2457 pro
1212 2374 1288 2438 fidei
1304 2374 1495 2439 defensione
1510 2375 1554 2438 ab
1569 2374 1679 2454 impiis

337 2503 412 2556 sunt
441 2493 600 2558 trucidati.
660 2493 742 2558 Inde
772 2504 822 2558 est
848 2495 937 2576 quod
968 2496 1104 2576 quidam
1134 2496 1251 2558 surdus
1277 2506 1312 2559 et
1340 2505 1459 2571 mutus
1484 2495 1526 2558 de
1553 2492 1679 2558 familia

337 2613 566 2678 monachorum
588 2613 861 2678 cistertiensium³
876 2615 909 2678 in
933 2615 1052 2678 uicinio
1074 2615 1305 2690 habitantium,
1321 2616 1354 2678 in
1371 2616 1513 2678 martiris
1528 2613 1678 2678 natalitio

336 2752 409 2796 cum
429 2733 499 2798 aliis
518 2735 664 2817 plurimis
686 2735 777 2800 uenit
798 2736 841 2798 ad
866 2733 1130 2818 ecclesiamque
1152 2737 1185 2799 in
1207 2736 1280 2800 loco
1304 2735 1440 2800 martirii
1463 2736 1568 2800 sancti
1590 2733 1678 2797 olaui

335 2853 398 2916 sita
426 2865 485 2918 est.
542 2853 607 2936 Qui
636 2875 711 2919 cum
744 2875 787 2918 ex
822 2855 946 2919 itineris
976 2855 1180 2939 fatigatione,
1211 2855 1264 2920 uel
1299 2857 1410 2938 potius
1440 2855 1553 2920 diuino
1583 2864 1675 2928 nutu,

335 2992 473 3055 sompno
487 2984 687 3057 premeretur
701 2995 741 3038 eo
756 2985 918 3057 tempore,
933 2995 999 3057 quo
1021 2977 1177 3041 sacerdos
1191 2978 1235 3040 ad
1251 2975 1410 3059 populum
1433 2974 1677 3038 exhortationis

336 3113 519 3157 sermonem
535 3093 663 3169 faceret,
679 3095 711 3156 in
733 3093 858 3159 uisione
881 3094 951 3158 uisa
974 3106 1025 3160 est
1045 3097 1108 3159 sibi
1130 3095 1190 3159 lux
1212 3096 1422 3178 permaxima
1442 3097 1528 3160 inter
1542 3093 1676 3158 turbam

253 3229 256 3234 '
336 3211 466 3276 insolito
480 3212 602 3296 fulgore
623 3213 808 3291 clarescere,
822 3233 924 3296 quam
940 3225 974 3279 et
997 3215 1210 3299 subsequitur
1225 3216 1274 3278 uir
1297 3215 1391 3280 uultu
1407 3226 1442 3279 et
1464 3214 1581 3279 habitu
1604 3233 1679 3295 pre·

337 3331 435 3397 misse
455 3333 609 3398 claritatis
633 3332 842 3416 splendorem
864 3333 1040 3415 preferens.
1086 3334 1197 3418 Quem
1219 3356 1295 3401 cum
1317 3335 1361 3400 ad
1384 3357 1420 3399 se
1442 3331 1677 3418 conspiceret⁴,

372 3567 381 3598 ¹
398 3571 425 3624 Α
436 3569 532 3640 quaint
544 3569 662 3626 mixture
674 3571 707 3623 of
715 3587 945 3626 common-sense
958 3571 1016 3626 and
1029 3571 1221 3644 superstition.

317 3725 319 3730 s
371 3652 383 3686 ¹
401 3657 434 3710 ln
447 3657 477 3712 C.
487 3655 556 3712 CC.
567 3656 606 3725 by
616 3672 701 3722 error,
714 3672 772 3725 per.

370 3739 383 3771 ³
400 3742 469 3796 This
481 3741 505 3798 is
517 3742 648 3812 singular.
686 3743 719 3796 ln
733 3743 874 3812 Eystein's
891 3744 960 3800 time
976 3745 1056 3800 there
1069 3762 1142 3801 were
1154 3763 1193 3800 no
1206 3745 1379 3801 Cistercians
1391 3755 1422 3801 to
1434 3746 1472 3801 be
1483 3745 1572 3800 found
1584 3744 1613 3800 in
1628 3745 1676 3800 the

336 3829 508 3899 Trondhjem
525 3828 633 3886 district
651 3827 859 3902 (praendalbg).
898 3832 961 3886 The
984 3842 1148 3902 monastery
1166 3833 1200 3887 os
1214 3835 1322 3888 Tautra
1340 3850 1398 3888 was
1417 3833 1478 3888 first
1496 3832 1622 3888 founded
1647 3832 1676 3887 in

338 3928 412 3982 ¹²07·
441 3915 507 3971 And
521 3915 687 3972 Nidarholm
699 3927 863 3987 monastery
875 3934 932 3974 was
944 3936 963 3974 a
976 3919 1094 3976 Cluniae
1106 3919 1281 3976 foundation.
1320 3921 1376 3978 See
1390 3921 1496 3991 Lange,
1509 3919 1554 3976 De
1564 3920 1677 3976 Norske

333 4001 462 4057 Klosters
472 4003 606 4072 Histon'e,
618 4019 645 4072 p.
659 4004 720 4072 238,
732 4003 790 4059 and
802 4021 829 4074 p.
843 4019 893 4075 199
904 4021 968 4076 sqq.

368 4087 380 4119 ⁴
397 4089 491 4160 Query
502 4089 602 4165 supply
613 4090 729 4158 uenire;
747 4107 787 4162 or,
800 4092 932 4164 perhaps,
945 4093 974 4150 in
992 4094 1041 4150 the
1060 4093 1179 4163 original
1195 4093 1216 4150 it
1230 4111 1287 4150 was
1304 4104 1353 4150 not
1366 4094 1404 4150 ad
1417 4111 1457 4164 se,
1469 4095 1519 4150 but
1532 4095 1614 4164 ade‘e,
1627 4093 1675 4152 ie.

334 4175 441 4231 adesse.
