3832 4760
310 375 344 443 56
554 370 710 432 PASSIO
738 371 803 429 ET
824 369 1060 430 MIRACULA
1096 368 1236 427 [rm-rr!
1264 369 1407 428 OLACI.

308 592 366 654 has
388 590 511 672 positus
533 593 602 654 dux
618 588 818 673 gubormus¹
833 589 1002 672 angustias
1018 611 1084 671 quo
1101 611 1135 651 se
1152 599 1294 652 uerteret
1311 591 1488 655 nesciebat.
1536 591 1651 654 Relin-

308 732 405 793 querc
429 713 561 793 predam
585 732 660 775 cum
684 711 822 774 nauibus
849 721 944 793 turpe
971 709 1032 772 sibi
1059 727 1092 772 et
1120 711 1308 773 indecorum
1334 709 1429 775 nimis
1456 713 1651 788 uidebatur3

308 833 429 896 bellum
445 833 607 915 suscipere
625 831 843 915 periculosum
860 832 1041 894 admodum
1058 839 1138 893 erat.
1185 830 1266 894 Erat
1281 831 1369 893 enim
1386 832 1471 896 inter
1486 834 1653 896 exercitus

308 955 436 1035 grandis
458 953 626 1018 distancia.
673 952 762 1014 Nam
779 972 846 1014 *rex
869 951 1037 1030 predictus
1061 971 1107 1011 xv
1129 970 1230 1012 naues
1253 950 1407 1014 habuisse
1430 953 1557 1031 dicitur,
1580 953 1652 1016 dux

308 1095 384 1138 uero
396 1084 523 1138 tantum
538 1094 568 1134 v.
606 1071 689 1134 Dux
705 1073 817 1151 itaque
833 1070 952 1131 anxius
967 1069 1129 1130 biduanas
1144 1069 1228 1148 petit
1244 1069 1400 1148 inducias,
1413 1074 1439 1134 si
1455 1071 1539 1136 forte
1554 1073 1653 1137 tiran-

308 1217 385 1258 num
397 1217 416 1258 a
428 1193 574 1276 nequicia
590 1191 782 1271 excogitata
794 1195 908 1271 posset
919 1186 1106 1250 deflectere.
1150 1187 1238 1252 Nam
1256 1188 1374 1252 eodem
1387 1191 1441 1254 die
1453 1203 1523 1255 crat
1541 1193 1653 1274 uigilia

308 1316 394 1380 beati
412 1313 550 1377 martiris
566 1310 660 1374 olaui.
700 1309 880 1390 Postquam
898 1329 976 1371 uero
992 1307 1139 1370 animum
1157 1308 1286 1370 barbari
1303 1308 1399 1373 nullis
1421 1312 1529 1391 potuit
1549 1313 1653 1393 preci·

307 1438 369 1500 bus
385 1434 536 1510 emollire,
549 1430 648 1513 elegit
664 1429 802 1494 honeste
820 1430 910 1506 mori,
924 1449 1024 1511 quam
1041 1448 1114 1492 cum
1132 1429 1294 1492 dedecore
1306 1437 1400 1493 tanto
1413 1440 1446 1495 et
1458 1431 1592 1495 infamia
1605 1432 1654 1495 sui

308 1557 433 1640 generis
445 1554 548 1636 spolia
564 1574 622 1616 sua
637 1572 712 1616 cum
730 1550 867 1615 nauibus
884 1550 1067 1631 relinquere
1080 1543 1218 1612 tiranno
1243 1547 1331 1630 Quia
1345 1560 1457 1615 tamen
1470 1554 1652 1617 humanum

309 1679 428 1751 deerat,
445 1675 589 1739 diuinum
610 1673 763 1754 implorat
786 1671 956 1746 auxilium,
974 1680 1008 1734 et
1024 1671 1159 1734 beatum
1184 1672 1349 1734 martirem
1373 1674 1515 1753 olauum,
1531 1686 1568 1738 ut
1591 1675 1655 1738 sibi

309 1807 477 1868 succurrat,
491 1795 611 1858 deuote
621 1802 786 1876 precatur.
826 1791 982 1854 Promisit
995 1811 1030 1853 se
1046 1791 1078 1852 in
1096 1791 1232 1852 ecclesia
1248 1794 1389 1855 martiris
1404 1814 1534 1859 crucem
1550 1796 1655 1859 sactu·

311 1937 380 1978 rum
406 1925 600 1996 argenteam,
628 1914 654 1975 si
682 1934 717 1975 se
741 1915 784 1974 de
811 1931 910 1973 manu
935 1910 1020 1991 regis
1051 1909 1168 1990 perfidi
1200 1910 1362 1974 liberaret.
1405 1912 1494 1994 Quid
1526 1914 1657 1978 multa?

312 2035 471 2099 Ordinato
494 2033 657 2096 excercitu
681 2031 819 2094 inimicis
842 2030 981 2094 occurrit
1011 2030 1206 2110 agminibus,
1227 2039 1260 2092 et
1283 2029 1460 2096 fortissime
1482 2034 1656 2111 dimicans,

312 2175 373 2236 ope
389 2153 507 2230 christi,
523 2161 556 2215 ct
573 2150 798 2233 gloriosissimi
816 2149 955 2212 martiris
977 2150 1172 2223 interuentu,
1190 2159 1295 2212 totam
1314 2151 1527 2234 barbarorum
1544 2155 1656 2219 multi-

313 2273 456 2337 tudinem
473 2272 656 2354 prosternit.
687 2270 862 2352 lnopinata
879 2290 956 2352 ergo
972 2269 1098 2350 potitus
1113 2269 1258 2346 uictoria,
1276 2255 1399 2334 etcum
1416 2273 1528 2336 multis
1543 2272 1656 2356 spoliis

313 2405 345 2458 et
363 2394 469 2458 leticia
493 2390 632 2474 magna²
648 2411 805 2466 reuersus,
823 2410 952 2454 crucem
976 2389 1053 2454 lecit
1076 2401 1267 2472 argenteam
1290 2391 1395 2456 noue³
1412 2393 1657 2482 magnitudinis,

313 2517 408 2598 longe
423 2513 554 2576 humani
566 2512 710 2595 corporis
723 2512 860 2575 modum
876 2511 1105 2581 excedentem,
1119 2521 1152 2574 et
1168 2511 1278 2591 posuit
1291 2531 1365 2574 eam
1381 2512 1414 2575 in
1425 2511 1506 2576 hac*
1519 2513 1659 2578 ecclesia

313 2636 399 2699 beati
420 2634 558 2698 martiris
580 2634 623 2696 ad
649 2651 768 2714 corpus
791 2632 870 2706 eius,
896 2632 928 2693 in
953 2631 1055 2694 diuini
1081 2630 1237 2713 triumphi
1261 2640 1295 2694 et
1318 2632 1488 2714 inopinate
1512 2635 1657 2712 uictorie,

312 2775 410 2837 quam
426 2773 483 2836 per
498 2753 613 2818 merita
628 2752 698 2816 eius
713 2751 911 2828 obtinuerat,
928 2750 1177 2814 monimentum.

398 2875 535 2938 Preciosi
552 2873 700 2951 martiris,
716 2881 750 2936 et
771 2871 1010 2948 miraculorum,
1025 2891 1090 2952 que
1109 2873 1152 2934 ad
1171 2869 1407 2934 declarandum
1428 2873 1499 2936 eius
1516 2874 1668 2956 gloriam-

313 2995 463 3060 dominus
489 2996 614 3078 operari
641 2993 795 3074 dignatus
818 3002 879 3067 est,
901 2991 1049 3072 preciosa
1074 2991 1163 3053 sama
1189 2989 1288 3072 longe
1310 2990 1442 3073 lateque
1464 2995 1658 3077 percrepuit,

315 3135 375 3180 nec
404 3115 577 3196 noruuegie
609 3113 730 3176 finibus
760 3120 918 3178 contenta
944 3111 1084 3174 coartari
1111 3110 1253 3174 dilatata
1283 3119 1333 3173 est
1366 3111 1399 3174 in
1429 3112 1512 3199 fines
1541 3124 1627 3179 terre
1636 3114 1658 3179 ⁵.
1727 3184 1729 3190 ,

315 3233 438 3318 Apud⁶
461 3233 582 3316 regiam
608 3233 725 3296 urbem
748 3230 1061 3312 constantinopolim
1091 3229 1229 3294 celebris
1253 3239 1304 3293 est
1331 3230 1400 3294 eius
1427 3234 1594 3312 memoria,
1624 3245 1660 3300 et

350 3393 359 3426 ¹
378 3396 557 3461 Gutbonnus,
567 3395 615 3459 S.;
628 3391 734 3464 plainly
744 3392 914 3462 Gubormus,
924 3393 974 3447 the
984 3390 1076 3446 scribe
1085 3391 1191 3460 having
1198 3389 1471 3459 entirelydiscarded
1479 3395 1505 3466 p,
1515 3391 1544 3447 in
1556 3395 1586 3449 C.
1593 3394 1660 3450 CC.
1679 3392 1680 3396 ’

349 3481 360 3513 ²
377 3493 405 3537 et
417 3482 509 3537 leticia
521 3497 624 3550 magna
636 3485 712 3534 caret
725 3480 756 3534 S.
977 3477 988 3508 ³
1007 3479 1095 3532 mirae
1107 3480 1138 3532 S.
1373 3477 1384 3506 ⁴
1402 3479 1457 3533 hac
1469 3486 1547 3533 caret
1557 3481 1588 3535 S.

350 3569 362 3601 ⁶
381 3569 609 3624 Preciosi—terre
621 3573 699 3623 caret
709 3569 741 3622 S.

351 3657 454 3713 ‘Sect
468 3673 492 3725 3.
504 3657 536 3710 S.
566 3657 651 3709 Hom.
667 3670 676 3708 r
683 3667 723 3723 51,
737 3655 809 3709 Mr'r.
820 3653 864 3720 iii;
884 3653 981 3720 Geisli,
993 3653 1097 3722 52-563
1116 3653 1250 3706 Breviar.
1263 3653 1404 3708 Aberdon.
1417 3653 1443 3707 6.
1482 3655 1516 3707 ln
1529 3654 1661 3726 Olqsden

317 3747 392 3800 Hell.
406 3745 493 3816 Saga,
505 3761 529 3798 c.
547 3743 607 3810 267,
624 3743 717 3796 where
738 3741 795 3796 this
812 3741 926 3795 rniracle
946 3739 970 3793 is
986 3739 1132 3806 recorded,
1149 3741 1199 3793 the
1219 3755 1350 3808 emperor
1369 3739 1393 3793 is
1411 3740 1516 3794 named
1535 3741 1661 3796 Kirialax

321 3858 345 3878 =
361 3832 460 3901 Kyrios
484 3830 607 3896 Alexios,
632 3830 683 3884 ie.
708 3828 823 3883 Alexios
847 3829 1019 3894 Comnenos,
1044 3827 1107 3880 who
1132 3825 1200 3880 died
1225 3824 1254 3880 in
1281 3827 1356 3880 1118.
1402 3827 1464 3881 The
1488 3827 1562 3882 odds
1588 3845 1661 3884 were

316 3920 388 3989 sixty
404 3929 502 3973 roone
519 3919 596 3990 (Leg.
609 3918 697 3989 Saga,
714 3916 785 3986 105),
800 3917 849 3971 the
867 3916 949 3986 place
969 3913 1140 3970 Pitzinavelli
1161 3930 1198 3967 on
1216 3912 1265 3968 the
1281 3913 1374 3968 banks
1392 3913 1425 3967 of
1437 3914 1486 3968 the
1505 3913 1615 3969 Bitzina
1632 3915 1660 3969 in
1775 3929 1777 3934 ·

319 4006 457 4076 Bulgaria.
496 4007 529 4060 ln
553 4006 602 4060 the
626 4005 778 4074 emperors
803 4019 860 4073 pay
885 4018 957 4058 were
981 4018 1000 4055 a
1023 4000 1144 4056 number
1169 3999 1201 4054 ol
1216 3999 1404 4068 Varangians.
1442 4001 1505 4054 One
1526 4017 1661 4070 summer,

317 4112 353 4149 on
376 4111 394 4150 a
417 4093 575 4164 campaign,
600 4092 621 4149 it
641 4109 698 4147 was
716 4091 790 4146 their
809 4091 879 4160 duty
900 4101 930 4144 to
948 4089 1022 4158 keep
1040 4089 1132 4143 watch
1152 4088 1210 4142 and
1229 4088 1306 4142 ward
1331 4104 1399 4142 over
1416 4086 1484 4142 him.
1521 4090 1560 4143 At
1581 4089 1662 4159 night

318 4184 398 4236 those
417 4183 478 4235 who
496 4183 553 4235 had
570 4181 643 4237 been
663 4179 786 4236 relieved
805 4179 877 4233 from
895 4178 985 4246 guard
1004 4178 1050 4246 lay
1063 4178 1145 4231 down
1166 4187 1195 4230 to
1214 4177 1291 4245 sleep
1311 4174 1376 4230 with
1396 4175 1469 4230 their
1486 4175 1606 4232 helmets
1625 4194 1662 4232 on
