3832 4760
341 338 393 392 108
576 331 730 391 PASSIO
759 332 822 391 ET
844 331 1074 391 MIRACULI
1099 331 1243 390 BEATI
1270 331 1411 390 OLAUI.

338 551 507 614 officiosius
534 563 651 630 tamen,
678 564 711 616 et
738 555 831 636 quasi
860 554 1003 635 quadam
1032 551 1231 615 familiariori
1259 571 1317 634 pre
1343 551 1460 615 ceteris
1490 550 1677 624 sedulitate,

338 671 496 754 predicte¹
519 673 639 737 itineris
662 675 762 739 duces
784 675 848 738 cibi
871 684 1045 756 potusque,
1067 682 1100 736 et
1123 675 1259 736 tandem
1282 673 1484 737 diuersamm
1507 671 1678 754 concupis·

338 792 479 857 cibilium
510 815 615 858 rerum
641 815 771 878 genera,
800 795 996 859 indistanter
1025 793 1178 858 offerunt.
1226 792 1287 857 Set
1314 793 1390 858 licet
1415 803 1466 858 tot
1496 792 1679 857 fantasticis

336 913 535 979 illusionibus
557 915 599 978 ad
627 915 746 978 mentis
769 914 1004 978 exterminium
1029 913 1221 989 traheretur,
1245 912 1322 976 fidei
1346 923 1459 977 tamen
1484 913 1678 976 memoriam

338 1035 371 1097 in
394 1046 502 1099 mente
528 1035 697 1099 retinebat.
744 1034 844 1098 Unde
871 1035 972 1096 deum
995 1042 1029 1095 et
1053 1041 1204 1095 sanctum
1231 1031 1365 1094 olauum
1392 1040 1561 1114 nunquam
1587 1031 1680 1094 inuo-

337 1175 410 1219 care
425 1156 582 1219 cessabat.
629 1153 782 1235 Cumque
797 1152 912 1216 oblata
926 1171 1067 1234 queque,
1083 1151 1195 1214 diuina
1214 1152 1338 1233 pietate
1353 1152 1493 1229 adiutus,
1509 1161 1681 1226 recusaret,

338 1285 371 1339 et
392 1275 522 1339 dolosas
547 1274 666 1336 inimici
690 1272 854 1336 uersucias
881 1272 935 1336 dei
958 1270 1060 1335 fretus
1086 1269 1211 1334 auxilio
1235 1270 1430 1353 superasset,
1454 1270 1571 1334 uidens
1597 1269 1682 1332 anti·

339 1394 441 1477 quus²
463 1393 566 1458 hostis
592 1392 667 1457 ficte
689 1394 768 1457 artis
791 1391 970 1457 frustrata³
993 1391 1172 1469 molimina,
1195 1390 1347 1456 confusus
1369 1393 1412 1455 ad
1435 1389 1565 1454 malicie
1591 1409 1683 1452 arma

338 1523 487 1596 patenter
515 1513 668 1597 prorupit.
718 1513 772 1578 Fit
803 1534 946 1597 namque
979 1524 1110 1578 antrum
1141 1513 1320 1588 horridum,
1352 1513 1440 1594 quod
1472 1510 1562 1593 prius
1591 1509 1682 1574 omni

340 1633 417 1697 luxu
454 1635 549 1716 plena
585 1633 658 1697 aula
689 1634 942 1716 resplendebat;
980 1635 1122 1716 tetrique
1155 1635 1296 1716 spiritus,
1325 1635 1380 1715 qui
1411 1633 1500 1714 prius
1537 1631 1682 1694 humana

338 1754 445 1836 specie
468 1765 500 1818 et
522 1754 635 1818 habitu
659 1755 767 1818 decori
791 1755 1004 1837 apparebant.
1053 1754 1143 1835 Ignis
1166 1775 1297 1836 quoque
1321 1755 1353 1816 in
1377 1753 1487 1815 medio
1509 1762 1606 1814 antro
1624 1771 1683 1832 per

339 1873 471 1954 longum
494 1875 672 1955 pauimenti
695 1874 871 1956 sulphurea
893 1873 1028 1936 flamma
1052 1873 1226 1936 uidebatur
1249 1883 1386 1936 estuare.
1432 1870 1683 1951 circumstrepit

341 2011 458 2072 agmen
480 1992 654 2067 inimicum,
671 2003 713 2067 et,
730 1995 823 2075 quasi
847 1994 1023 2057 dexteram
1047 2002 1247 2064 cauentes,a
1268 1993 1342 2056 leva
1364 1991 1428 2054 huc
1450 1989 1592 2072 illucque
1614 1990 1681 2072 igni

342 2121 533 2175 trementem
561 2111 742 2194 impellunt.
788 2110 886 2176 Cedit
914 2113 1012 2176 robur
1039 2111 1223 2194 fatigationi
1251 2121 1284 2176 et
1311 2111 1427 2188 ieunio,
1455 2111 1513 2174 sed
1539 2129 1607 2192 quo
1635 2111 1683 2172 in·

343 2230 463 2293 firmior
484 2251 588 2306 carne,
608 2253 647 2295 co
669 2231 782 2296 fortior
803 2232 840 2296 fit
864 2233 988 2314 spiritu.
1034 2231 1145 2296 Tanto
1169 2252 1311 2314 namque
1329 2230 1478 2295 ualidiori
1499 2251 1558 2312 spe
1574 2231 1684 2294 diuine

343 2352 455 2433 pietati
482 2351 635 2424 innititur,
658 2363 782 2436 quanto
809 2373 845 2417 se
867 2354 958 2418 omni
984 2351 1131 2416 humano
1157 2352 1276 2417 solatio
1298 2353 1457 2434 conspicit
1479 2352 1683 2416 destitutum.

344 2470 403 2536 Set
425 2491 499 2535 ecce
524 2472 607 2536 inter
627 2474 770 2555 gemitus
793 2483 827 2538 et
850 2493 948 2538 uoces
970 2473 1207 2556 deprecatiuas,
1231 2473 1341 2538 subita
1363 2472 1435 2536 luce
1458 2471 1543 2536 antri
1575 2471 1683 2554 splen·

344 2591 446 2655 descit
468 2593 634 2670 introitus;
663 2592 700 2656 fit
723 2593 801 2676 fuga
824 2594 1014 2671 demonum,
1037 2593 1122 2676 ignis
1145 2595 1292 2658 uanescit
1314 2592 1515 2658 fantasticus.
1562 2591 1685 2657 Subsc-

344 2713 452 2793 quitur
474 2713 522 2775 uir
544 2712 633 2777 uultu
665 2723 700 2778 et
729 2715 831 2778 uerbo
857 2713 1015 2797 placidus,
1040 2715 1161 2789 dicens,
1194 2713 1332 2778 Uocasti
1363 2734 1426 2790 me,
1457 2733 1534 2778 ecce
1563 2732 1684 2776 assum.

344 2829 405 2894 Ille
428 2852 512 2910 uero,
536 2833 676 2914 priorem
700 2835 820 2898 timens
845 2834 1086 2916 deceptionem,
1111 2833 1238 2898 nullum
1265 2835 1434 2917 respondit
1457 2833 1606 2898 uerbum.
1653 2834 1685 2898 Is

342 2971 427 3030 uero,
452 2954 507 3034 qui
532 2954 561 3016 ei
586 2955 746 3036 apparuit,
771 2963 963 3020 constanter
988 2975 1033 3018 ex
1063 2953 1184 3018 diuinis
1210 2955 1318 3019 uerbis
1344 2965 1494 3020 astmens
1519 2953 1611 3036 quod
1641 2973 1685 3016 ex

343 3071 430 3136 bona
450 3081 542 3153 parte
564 3083 659 3149 esset,
675 3074 795 3139 adiecit
814 3086 848 3140 et
868 3075 964 3152 dixit,
987 3073 1062 3157 Ego
1084 3095 1159 3138 sum
1179 3087 1312 3141 sanctus
1334 3075 1450 3139 olauus
1470 3094 1571 3156 quern
1594 3074 1686 3136 inuo-

344 3191 434 3270 casti,
460 3211 565 3274 neque
594 3211 677 3274 opus
707 3203 757 3258 est
787 3203 825 3259 ut
856 3205 891 3259 te
920 3194 1063 3277 amplius
1092 3197 1192 3259 timor
1217 3195 1401 3260 conturbet.
1446 3194 1570 3258 Missus
1599 3192 1687 3257 enim

345 3329 418 3374 sum
447 3319 485 3374 ut
508 3311 569 3375 tibi
593 3311 636 3376 ad
662 3320 737 3378 tuos
763 3315 921 3378 ducatum
951 3317 1118 3398 prebeam.
1165 3315 1224 3380 Ab
1254 3315 1311 3380 illa
1335 3323 1450 3380 autem
1479 3314 1560 3378 hora
1589 3313 1687 3397 quale

344 3438 440 3505 esset,
469 3430 521 3496 uel
553 3441 713 3513 quantum
744 3434 959 3498 intersticium
994 3437 1163 3519 temporis,
1199 3435 1252 3500 uel
1286 3437 1365 3518 quid
1400 3443 1554 3518 ageretur
1582 3435 1687 3500 donec

345 3551 479 3613 domum
508 3550 650 3628 intraret,
672 3553 705 3615 in
735 3573 801 3636 qua
831 3573 906 3618 cum
936 3555 1008 3620 aliis
1029 3557 1187 3639 operariis
1209 3557 1365 3636 dormire,
1381 3563 1605 3635 consueuerat,
1628 3574 1687 3618 nec

347 3670 428 3734 scire
452 3691 488 3734 se
512 3672 668 3751 meminit,
693 3694 799 3756 neque
826 3695 956 3740 narrare
982 3679 1101 3759 potuit.
1147 3677 1208 3744 Set
1237 3686 1363 3742 certum
1393 3686 1444 3742 est
1470 3675 1561 3758 quod
1592 3694 1689 3738 mane

346 3791 501 3866 discessit,
524 3799 558 3855 et
578 3793 744 3875 sequentis
765 3795 831 3858 diei
852 3815 989 3878 uespere
1011 3798 1115 3862 rediit.
1160 3798 1238 3882 Quo
1260 3797 1349 3863 facto
1370 3795 1577 3862 sacerdotem
1597 3793 1688 3870 adiit,

346 3910 441 3994 eique
469 3919 622 3976 euentum
652 3914 697 3978 rei
727 3935 771 3979 ex
801 3915 918 3980 ordine
945 3916 1105 4000 pandens,
1135 3920 1282 4002 percepti
1315 3917 1465 3996 beneficii
1497 3914 1615 4000 gratia,
1645 3915 1688 3979 ad

347 4040 538 4113 perpetuum
568 4033 709 4098 martiris
737 4035 913 4102 seruicium
943 4037 977 4100 in
1008 4037 1147 4104 ecclesia
1178 4040 1248 4104 eius
1278 4048 1358 4105 uoto
1386 4059 1423 4102 se
1452 4038 1575 4102 deuote
1605 4034 1688 4102 obli·

424 4163 434 4196 ¹
453 4166 500 4221 Sic
512 4166 540 4222 in
554 4168 582 4224 C.
593 4169 621 4223 C.
633 4171 662 4225 C.
824 4169 836 4202 ¹
852 4172 966 4244 antiqus
979 4173 1007 4228 in
1023 4174 1053 4230 C.
1063 4175 1092 4230 C.
1102 4176 1133 4230 C.
1293 4172 1304 4205 ³
1321 4175 1439 4230 frustata
1452 4172 1480 4228 in
1494 4172 1525 4228 C.
1534 4172 1565 4227 C.
1575 4172 1606 4227 C.
