3832 4760
450 319 607 380 PASSIO
639 319 701 376 ET
725 318 960 378 rullo-tcum
997 319 1136 378 BEATI
1165 315 1306 378 OLAUI.
1500 335 1554 390 105

201 535 404 612 mouebatur,
436 537 522 600 latus
555 538 761 620 impingeret,
793 559 831 598 co
868 539 1078 618 periculosior
1112 537 1149 600 fit
1183 557 1285 607 casus,
1317 555 1382 615 quo
1416 533 1554 596 tenuiori

201 655 339 718 materia
369 657 401 718 iu
434 659 526 720 ruina
557 658 643 722 latus
677 657 849 740 excipitur.
909 658 1049 723 Deseror
1080 659 1192 740 itaque
1222 656 1374 720 manibus
1406 675 1553 718 meorum

200 776 293 856 quasi
325 777 497 856 exanimis,
529 788 571 857 et,
605 789 681 862 post
713 779 923 844 interuallum
959 781 1119 844 redeunte
1147 780 1268 862 uigore,
1295 779 1337 840 ad
1367 775 1553 840 cubiculum

200 895 355 972 deducor,
379 899 498 962 anxior
520 900 684 979 anxiatus,
708 911 741 965 et
768 901 889 983 duplici
913 902 1110 966 contritione
1133 910 1293 966 conteror.
1339 896 1442 960 Dolet
1464 898 1553 960 enim

201 1028 365 1082 costarum
397 1021 586 1102 confractio,
613 1043 673 1087 nec
704 1023 811 1086 minus
841 1024 989 1087 animum
1018 1025 1143 1088 instans
1170 1019 1320 1098 martiris,
1345 1027 1396 1082 set
1422 1027 1553 1100 negata,

200 1137 447 1224 sollempnitas;
485 1153 562 1226 post
596 1145 741 1208 triduum
772 1145 860 1208 enim
895 1145 1039 1208 futurum
1076 1155 1145 1208 erat
1181 1142 1321 1207 martiris
1359 1137 1553 1216 natalitium,

200 1260 296 1344 longe
311 1262 445 1346 lateque
468 1265 666 1346 populorum
689 1267 876 1328 accessibus
894 1265 1149 1347 frequentatum.
1196 1264 1349 1346 Cumque
1369 1260 1454 1324 inter
1468 1257 1552 1322 hec¹

199 1383 343 1464 corporis
367 1373 536 1466 animique
567 1384 735 1447 molestias
763 1404 963 1466 perurgerer,
995 1386 1037 1447 ad
1069 1395 1244 1466 patronum
1276 1402 1386 1446 meum
1417 1381 1552 1444 beatum
1586 1440 1592 1471 r

199 1502 341 1580 olauum,
364 1503 442 1566 licet
469 1505 512 1567 de
538 1504 676 1586 propriis
705 1503 828 1565 meritis
856 1503 1016 1580 diffidens,
1041 1503 1139 1584 plena
1165 1515 1277 1567 tamen
1304 1503 1378 1579 tide,
1402 1499 1553 1582 precibus

200 1621 375 1704 conlugi0;
399 1633 441 1700 et,
472 1632 509 1685 ut
541 1642 649 1686 rerum
681 1622 888 1702 experientia
919 1633 1088 1700 monstrat,
1119 1641 1253 1685 suorum
1284 1641 1348 1684 non
1379 1619 1554 1680 immemor

200 1741 356 1804 clamanti
387 1741 490 1805 affuit.
542 1740 627 1806 Cum
656 1743 742 1805 enim
775 1741 964 1806 festiuitatis
995 1745 1066 1806 dies
1094 1737 1287 1814 illuxisset²‚
1311 1739 1353 1802 ad
1380 1737 1554 1800 missarum

199 1860 395 1943 sollempnia
418 1861 610 1945 signorum³
633 1863 741 1926 sonitu
765 1863 908 1945 populus
933 1885 977 1926 ex
1002 1883 1092 1928 more
1115 1872 1296 1936 uocaretur,
1321 1857 1454 1924 confero
1476 1875 1553 1920 cum
1583 1935 1587 1941 .

199 1980 249 2044 his
265 1982 322 2064 qui
343 1983 490 2059 aderant,
509 1985 534 2045 si
551 1985 593 2046 ad
614 1984 796 2062 ecclesiam,
813 2005 873 2065 pro
895 1984 1011 2048 uirium
1028 1985 1169 2060 defectu,
1191 1979 1366 2046 sustentari
1387 1979 1554 2043 deberem.

202 2102 329 2166 Hortor
344 2103 387 2165 ab
410 2103 461 2166 his
480 2113 514 2168 et
537 2105 729 2186 amplector,
747 2125 823 2167 nam
841 2105 994 2168 uoluntas
1010 2105 1171 2169 trahebat.
1216 2103 1266 2166 At
1290 2122 1364 2166 cum
1381 2099 1553 2163 ecclesiam

200 2223 395 2306 ingrederer,
420 2225 477 2306 qui
501 2226 590 2306 prius
614 2225 788 2288 missarum
817 2225 1126 2308 sollempnitatibus,
1150 2224 1267 2288 uirium
1290 2221 1457 2285 defectum
1485 2239 1554 2280 me-

199 2354 307 2419 tuens,
324 2345 382 2407 uix
404 2345 563 2410 interesse
584 2366 861 2428 presumpseram,
879 2346 981 2411 lenito
996 2344 1237 2428 aliquantulum
1252 2342 1374 2418 dolore,
1391 2351 1425 2405 et
1440 2339 1553 2421 uigore

198 2466 343 2548 quodam
364 2466 465 2529 animi
482 2467 666 2550 uiriumque
686 2467 803 2531 robore
819 2468 985 2550 paulisper
1003 2467 1152 2541 collecto,
1168 2467 1211 2530 ad
1234 2463 1367 2548 pociora
1389 2459 1553 2543 speranda

199 2587 263 2648 iam
281 2585 436 2651 fidentius
452 2587 693 2670 presumebam.
733 2588 834 2653 Ocius
854 2589 954 2671 igitur
970 2589 1115 2653 reuestiri
1129 2607 1241 2670 quero,
1255 2594 1291 2648 ut
1307 2603 1382 2648 cum
1398 2579 1552 2644 iratribus

200 2706 232 2768 in
258 2707 468 2788 processione
495 2729 684 2792 appaream.
732 2707 884 2791 Cumque
909 2711 952 2772 ad
979 2709 1088 2773 locum
1119 2718 1255 2772 uentum
1282 2714 1378 2780 esset,
1409 2702 1465 2766 ubi
1492 2720 1553 2783 pro
1619 2739 1625 2749 -

198 2847 349 2928 sermone
374 2826 522 2892 satiendo
548 2827 766 2911 processionis
793 2828 896 2892 stacio
924 2829 992 2894 fieri
1020 2829 1114 2905 solet,
1141 2829 1183 2892 de
1209 2846 1359 2891 sermone
1386 2842 1452 2886 non
1479 2841 1552 2904 pre·

199 2967 343 3023 sumens,
374 2957 487 3012 tamen
519 2948 682 3014 indultam
712 2971 732 3012 a
763 2949 900 3013 domino
934 2969 1022 3032 papa
1056 2957 1269 3033 peccatorum
1300 2955 1333 3010 et
1366 2942 1551 3027 penitencie

198 3067 423 3132 remissionem
441 3068 554 3152 paucis
577 3069 764 3152 exprimere
788 3069 941 3133 conabar.
987 3069 1037 3134 At
1053 3091 1128 3135 curn
1151 3071 1184 3132 in
1208 3067 1356 3132 oratione
1377 3065 1420 3150 ad
1436 3072 1551 3127 uotum

197 3187 283 3252 uires
320 3199 554 3267 accrescerent,
594 3189 736 3265 solitum,
775 3200 826 3254 set
870 3191 1088 3272 inopinatum,
1126 3187 1366 3254 exhortationis
1402 3183 1551 3269 protraxi

196 3328 393 3374 sermonem.
451 3308 576 3393 Sicque
613 3311 786 3374 missarum
825 3309 998 3394 tociusque
1030 3309 1287 3393 sollempnitatis
1317 3305 1424 3371 officia
1460 3323 1550 3368 com·

197 3428 368 3511 pleuimus,
385 3437 421 3494 ut
443 3450 510 3494 non
531 3430 625 3495 labor
644 3429 884 3514 fatigationem,
900 3442 951 3496 set
972 3431 1124 3515 fatigatio
1145 3429 1390 3504 recreationem,
1405 3423 1551 3510 perfecte

198 3549 406 3629 ministraret,
429 3561 463 3616 et
491 3551 569 3616 licet
590 3553 634 3616 ad
660 3552 797 3635 plenum
825 3555 973 3618 nondum
1001 3552 1096 3618 dolor
1121 3551 1317 3628 recessisset,
1340 3567 1415 3613 ossa
1437 3555 1551 3608 tamen

197 3672 240 3735 ad
257 3669 391 3753 plenum
407 3681 483 3736 sunt
499 3671 714 3753 consolidata,
731 3683 764 3739 et
780 3673 927 3758 perlecta
943 3675 1067 3740 sanitas
1082 3673 1205 3738 sensim
1221 3681 1272 3737 est
1287 3676 1472 3736 consecuta.

230 3849 239 3880 ¹
260 3849 307 3905 Sic
320 3848 348 3904 in
363 3851 391 3906 C.
398 3851 428 3906 C.
435 3851 464 3906 C.
478 3852 517 3922 by
529 3869 607 3907 error
620 3852 663 3906 sor
674 3853 735 3910 lras.
980 3852 991 3884 ²
1011 3853 1119 3924 Supply
1132 3862 1169 3907 et.
1400 3844 1410 3876 ³
1430 3845 1513 3900 Bells
