3832 4760
467 352 625 412 PASSIO
655 351 718 410 ET
742 350 978 411 MIRACULA
1012 353 1155 412 BEATI
1181 355 1324 419 OLAUI.
1538 383 1571 442 7¹

219 585 252 638 et
270 573 349 635 mira
366 573 566 653 compositas
590 572 798 647 discrecione‚
815 571 945 653 scripsit
970 583 1002 636 et
1026 575 1268 656 promulgauit3
1294 577 1459 658 inquibus
1478 604 1571 646 suum

219 696 336 776 cuique
351 692 529 755 conditioni
554 692 603 753 ius
625 692 814 773 assignauit.
856 692 894 753 ln
911 691 990 756 illis¹
1008 693 1117 771 etiam,
1134 706 1294 776 quantum
1311 696 1423 762 liceret
1438 703 1572 782 prelatis

219 816 251 877 in
267 815 443 888 subiectos,
461 821 494 876 et
509 822 669 894 quantam
689 813 828 876 subiecti
852 814 1075 878 reuerenciam
1099 815 1296 881 exhiberent
1319 839 1396 901 erga
1419 821 1572 902 prelatos

218 937 314 1000 certis
330 934 489 998 limitibus
505 933 669 998 discreuit.
716 933 767 997 lbi
791 936 1055 999 modestissimus
1071 945 1104 1001 et
1121 937 1318 1019 equissimus
1340 940 1471 1019 arbiter,
1486 945 1573 1026 sapi·
1623 915 1661 1001 ts

218 1068 310 1122 enter
322 1036 533 1122 considerans
548 1055 745 1138 plerumque
761 1077 855 1140 reges
871 1066 1041 1139 potestate
1056 1059 1119 1122 sibi
1138 1057 1312 1123 consessa²
1324 1062 1465 1143 superbe
1480 1063 1572 1128 abuti

216 1181 248 1243 in
265 1180 423 1254 subditos,
440 1178 550 1262 legum
574 1178 680 1262 rigore
701 1179 848 1261 regalem
871 1178 1039 1245 cohercuit
1055 1191 1088 1245 et
1106 1180 1281 1246 resrenauit
1303 1182 1484 1248 licenciam.
1533 1185 1572 1248 ln

214 1302 278 1366 illis
294 1301 443 1386 regibus³
466 1301 568 1365 claret
583 1319 683 1380 quam
701 1301 843 1362 deuotus
864 1320 941 1380 erga
957 1302 1066 1379 deum,
1082 1321 1184 1384 quam
1199 1303 1361 1386 benignus
1378 1325 1456 1386 erga
1471 1325 1572 1388 prox-

103 1484 111 1502 ,
214 1424 326 1501 imum,
341 1445 402 1486 rex
417 1423 578 1504 gloriosus
594 1421 751 1484 extiterit.

141 1626 144 1634 ,
296 1541 473 1622 ,Explicari
484 1539 704 1630 lxuerbistnon
720 1547 840 1618 potest,
861 1547 986 1618 quanta
1002 1539 1168 1634 beneficia
1185 1543 1314 1629 populis
1331 1543 1394 1608 illis
1414 1567 1475 1609 rex
1490 1566 1569 1628 sepe

215 1661 403 1724 nominatus
425 1657 607 1734 contulerit,
622 1666 782 1737 quantum
806 1655 929 1736 profuit
951 1658 1031 1720 dum
1041 1659 1183 1760 ,prefuit
1199 1669 1233 1724 et
1250 1661 1283 1722 in
1304 1665 1572 1745 promulgacione

214 1781 334 1864 legum,
347 1791 382 1844 et
404 1781 436 1842 in
460 1778 703 1842 sustentacione
726 1796 917 1858 pauperum,
934 1788 967 1841 et
982 1778 1177 1868 assiduitate
1199 1781 1441 1861 predicationis,
1458 1795 1492 1847 et
1513 1805 1571 1848 ex·

215 1901 326 1984 emplo
341 1923 400 1964 sue
416 1900 620 1964 sanctissime
638 1898 906 1961 conuersationis.
945 1897 1014 1978 ,Set
1038 1921 1056 1962 e
1077 1920 1235 1964 conuerso
1258 1923 1442 1991 perpessus*
1457 1914 1508 1994 est
1527 1905 1572 1969 ab

211 2025 262 2111 ‘eis
288 2021 521 2108 tribulaciones
549 2019 668 2083 multas
691 2028 725 2082 et
753 2018 867 2090 malas,
893 2019 1000 2083 donec
1031 2020 1162 2084 illorum
1190 2022 1391 2087 multitudini
1422 2026 1572 2090 resistere

214 2165 280 2208 non
304 2143 417 2206 ualens
441 2139 580 2205 secesit⁵
596 2140 627 2201 in
652 2139 804 2213 rusciam,
820 2151 1021 2220 oportunum
1044 2153 1134 2205 ratus
1157 2145 1274 2208 cedere
1296 2147 1448 2226 tempori,
1463 2146 1572 2244 donec

213 2263 376 2328 uoluntati
393 2285 451 2327 sue
466 2282 505 2326 ac
520 2261 690 2343 proposito
706 2271 839 2342 tempus
857 2261 1015 2324 idoneum
1038 2262 1193 2326 dominus
1207 2263 1355 2328 conferre
1370 2237 1570 2348 dignaretur.

173 2419 179 2440 ι
201 2362 348 2450 ⁴Nemini
360 2357 472 2448 ueniat
484 2383 516 2446 in
529 2390 676 2446 mentem
686 2381 901 2444 fortissimum
915 2392 949 2446 et
960 2383 1265 2447 constantissimum
1275 2384 1387 2450 christi
1399 2385 1570 2466 athletam,

213 2517 249 2572 ut
265 2518 316 2571 est
332 2504 530 2568 infirmitatis
550 2502 703 2580 humane,
719 2502 857 2566 cessisse
879 2504 1089 2585 perterritum
1113 2513 1204 2568 metu
1220 2507 1389 2588 passionis,
1405 2508 1461 2589 qui
1476 2529 1571 2596 sepe·

156 2622 159 2628 ’
214 2647 352 2716 numero
372 2623 516 2708 passioni
536 2623 631 2687 sese⁶
647 2633 766 2705 sponte
788 2624 966 2702 obiecerat,
982 2626 1067 2689 sicut
1083 2625 1128 2688 rei
1148 2627 1259 2690 exitus
1277 2637 1311 2690 et
1327 2600 1429 2709 ipsius
1445 2627 1570 2693 illustre

214 2729 396 2812 martirium
412 2743 600 2809 declarauit.
633 2743 780 2808 Utilitati
796 2743 946 2824 aliorum,
959 2747 1164 2827 oportuniori
1175 2767 1212 2810 se
1224 2749 1406 2812 resemauit
1417 2749 1569 2830 tempori,

213 2870 346 2952 quando
367 2866 490 2930 fructus
512 2864 680 2928 uberiores
700 2864 854 2929 exibere⁷
870 2867 1015 2944 domino,
1031 2876 1065 2930 et
1085 2861 1250 2932 talentum
1271 2869 1333 2934 sibi
1356 2870 1569 2933 commissum

214 2989 385 3071 multiplici
400 2987 566 3070 resignare
580 2996 694 3068 posset
709 3007 784 3050 cum
800 3008 908 3051 usura.

300 3105 531 3176 Clarissimus⁸
561 3108 659 3191 igitur
685 3106 798 3172 christi
826 3110 941 3172 martir
965 3110 1133 3192 ingressus
1162 3111 1312 3183 russiam,
1335 3131 1356 3176 a
1385 3111 1570 3194 iarzellau0,
1618 3127 1625 3133 ·“
1714 3135 1716 3142 ’

125 3215 138 3294 i
212 3234 361 3326 eiusdem
383 3231 551 3316 prouincie
573 3249 651 3312 rege
673 3228 859 3312 magnifico,
876 3228 1020 3314 gloriose
1042 3241 1225 3313 susceptus,
1241 3243 1277 3296 et
1296 3232 1329 3296 in
1352 3231 1476 3326 honore
1497 3253 1577 3298 am·-

210 3411 315 3466 goose:
335 3393 414 3448 ‘The
432 3393 500 3448 lans
517 3391 550 3446 os
565 3392 593 3448 S.
604 3390 674 3448 Olaf
688 3408 737 3448 are
756 3401 785 3446 to
803 3391 888 3447 stand
904 3409 937 3447 as
954 3392 991 3448 he
1004 3391 1188 3450 fixedthem.’
1225 3395 1259 3448 ln
1281 3393 1399 3450 Iceland
1415 3395 1477 3450 also
1494 3395 1570 3450 their
1666 3429 1670 3436 ·

211 3482 259 3538 old
271 3484 324 3538 law
336 3479 501 3536 collections
514 3496 587 3534 were
599 3479 783 3550 erroneously
792 3479 884 3534 called
895 3479 1092 3549 ‘Greygoose,’
1104 3481 1162 3535 and
1174 3480 1299 3536 referred
1312 3491 1342 3537 at
1354 3498 1373 3536 a
1384 3483 1457 3537 later
1468 3482 1569 3552 period

211 3582 241 3626 to
259 3571 308 3626 the
327 3568 418 3625 Saint.
465 3566 508 3622 Cs.
525 3567 653 3638 Diplom.
673 3567 723 3622 Isl.
742 3584 769 3638 p.
783 3567 836 3634 76:
857 3566 1010 3622 ‘Codicem
1030 3567 1112 3623 mitto
1131 3568 1226 3637 legum
1246 3567 1405 3638 priscarum
1427 3587 1498 3640 quas
1519 3587 1568 3625 rex

212 3659 328 3726 Olavus,
346 3655 517 3726 cognomine
539 3666 664 3724 sanctus,
686 3653 769 3710 nobis
792 3653 941 3732 (lslandis)
963 3655 1109 3726 quondam
1134 3654 1250 3711 dedisse
1272 3654 1384 3726 dicitur,
1406 3657 1453 3726 qui
1478 3657 1568 3712 codex

210 3747 340 3816 Graagas
353 3745 437 3814 vulgo
455 3743 765 3813 appellatur.’—Letter
783 3742 816 3796 os
831 3741 940 3812 Bishop
959 3742 1092 3813 Brynjolf
1107 3741 1248 3798 Sveinson
1268 3753 1298 3798 to
1319 3743 1397 3814 King
1415 3744 1568 3799 Frederick

212 3835 280 3902 1113
302 3832 337 3888 cs.
354 3844 395 3902 54,
407 3831 450 3900 64,
463 3830 506 3899 67,
519 3830 583 3885 ibid.
622 3831 678 3885 See
699 3831 839 3885 Maurer’s
857 3829 1022 3885 exhaustive
1039 3830 1156 3885 treatise
1172 3847 1210 3884 on
1223 3830 1280 3886 this
1293 3830 1424 3886 intricate
1438 3832 1548 3903 subject
1563 3851 1568 3886 :

211 3939 265 3978 sv.
280 3919 425 3991 ‘Gmgds,'
440 3919 532 3974 Ersch
551 3917 608 3974 and
622 3917 755 3972 Griibers
768 3917 946 3990 Allgemeine
963 3917 1174 3988 Encycloplidie
1190 3919 1243 3974 der
1258 3917 1492 3989 Wrssensclrasten
1508 3924 1573 3977 und

212 4010 245 4064 K
243 4013 332 4064 ie'nste.
542 4003 551 4036 ¹
573 4003 691 4074 Homily
703 4006 759 4073 148.
970 4003 982 4036 ²
1003 4005 1066 4062 MS.
1081 4007 1133 4060 has
1147 4005 1318 4077 ‘concessa’
1329 4008 1475 4063 corrected
1488 4009 1567 4065 later.

245 4095 256 4127 ⁸
275 4096 384 4166 legibus
397 4097 427 4152 S.
563 4089 574 4122 ⁴
594 4093 669 4149 Sect.
681 4107 706 4160 7.
720 4095 752 4150 S.
889 4093 968 4152 'sie
1112 4092 1123 4124 ⁸
1143 4095 1177 4149 ln
1192 4095 1255 4152 MS.
1270 4093 1531 4167 ‘sepe’corrected

562 4177 574 4210 ⁷
592 4179 640 4235 sic.
1025 4179 1036 4213 ⁸
1055 4182 1130 4239 Sect.
1141 4181 1166 4238 8.
1180 4181 1212 4239 S.
