3832 4760
333 362 384 400 rra
570 341 725 402 PASSIO
754 341 817 400 ET
843 341 1073 402 MIRACULA
1108 341 1249 402 BEATI
1276 339 1419 400 OLAUI.

329 559 465 621 assecuti
487 567 598 624 uotum
614 561 798 643 persoluere
814 571 978 644 satagunt.
1026 563 1102 645 Ipse
1125 564 1247 627 etenim
1271 561 1398 626 iuuenis
1419 561 1462 624 ab
1479 561 1671 627 infirmitate

328 700 456 761 prorsus
484 681 615 760 alienus,
646 683 771 766 pudore
800 703 859 764 per
888 684 1100 748 deuotionem
1128 685 1270 767 pulsato,
1300 682 1416 748 maluit
1442 684 1671 765 spectaculum

329 800 501 865 multorum
517 803 717 886 fieriqua1n¹
734 824 793 885 pro
809 804 878 868 eius
894 807 1091 870 uerecundia
1106 804 1209 888 gloria
1225 805 1279 868 dei
1295 803 1427 868 silentio
1442 813 1621 886 tegeretur.

413 921 471 986 Set
486 944 591 1004 neque
606 923 669 987 hoc
684 944 758 987 cum
774 923 904 987 silentio
920 925 1156 988 transeundum
1173 933 1263 1006 puto,
1279 925 1369 1004 quod
1387 923 1467 987 milri
1483 925 1515 988 in
1529 925 1670 990 ecclesia

330 1063 402 1106 mea
417 1043 570 1106 existenti
585 1042 721 1124 quidam
737 1043 864 1106 iuuenis
880 1043 1043 1124 probabili
1063 1043 1244 1108 assertione
1266 1042 1472 1123 significauit,
1487 1063 1524 1106 se
1539 1046 1670 1108 nouiter

329 1183 349 1224 a
375 1161 491 1226 finibus
517 1159 741 1244 paganorum²
767 1162 906 1240 uenisse,
932 1163 988 1226 ubi
1016 1162 1193 1226 multitudo
1219 1159 1480 1240 christianorum,
1502 1171 1671 1228 transacto

329 1281 597 1363 quadragesimali
622 1291 780 1361 tempore,
801 1282 833 1344 in
855 1283 1036 1363 piscatione
1056 1290 1274 1359 conuenerat3
1305 1300 1448 1362 cumque
1467 1281 1521 1344 dei
1542 1282 1669 1346 donum

329 1403 361 1464 in
376 1403 479 1485 primo
494 1403 637 1464 aduentu
654 1401 775 1464 diutius
794 1403 956 1468 incassum
978 1404 1241 1487 prestolarentur,
1257 1402 1336 1484 quid
1355 1410 1431 1465 actu
1452 1422 1537 1483 opus
1557 1402 1670 1467 esset³

327 1525 481 1586 attentius
510 1522 728 1586 conserebant.
774 1523 863 1586 Nam
891 1545 967 1588 cum
994 1525 1026 1588 in
1052 1526 1182 1590 modico
1209 1524 1348 1588 marium
1375 1524 1557 1601 interiactu,
1585 1523 1670 1588 infra

329 1664 528 1725 paganorum
563 1644 762 1721 solitudines
796 1643 1046 1708 christianorum
1080 1645 1200 1710 finibus
1235 1645 1381 1727 elongati
1417 1665 1477 1728 per
1508 1654 1576 1708 tres
1609 1655 1669 1710 aut

328 1772 466 1844 quatuor
485 1765 550 1828 iam
568 1765 768 1845 septimanas
787 1785 808 1827 a
828 1774 973 1846 captura,
989 1785 1089 1846 quam
1109 1772 1330 1848 sperauerant,
1345 1764 1585 1843 frustrarentur,
1602 1786 1669 1829 non

331 1884 434 1944 minus
463 1886 552 1947 tedio
577 1904 676 1964 quam
706 1885 854 1948 ciborum
885 1885 1015 1948 defectu
1043 1894 1305 1948 consternuntur.
1352 1885 1417 1948 Die
1441 1905 1519 1947 uero
1545 1885 1669 1967 aliqua,

329 2004 460 2082 quando
483 2004 784 2068 circumiacentibus
811 2005 954 2086 scopulis
984 2005 1104 2069 illisum
1139 2026 1228 2068 mare
1257 2004 1346 2067 miris
1373 2004 1588 2070 amfractibus
1618 2027 1669 2069 re-

330 2132 465 2200 sonaret,
480 2131 632 2205 totusque
648 2144 704 2187 aer
719 2124 897 2206 caliginosa
912 2132 1114 2207 tempestate
1136 2135 1324 2189 commotus
1344 2137 1575 2208 perstreperet,
1591 2128 1670 2208 quia

330 2265 372 2306 ex
406 2243 639 2306 elementorum
673 2245 860 2308 turbatione
895 2247 1065 2308 minimam
1104 2246 1287 2309 serenitatis
1322 2248 1462 2328 spetiem
1496 2248 1669 2329 concipere

329 2373 487 2444 poterant,
508 2365 561 2428 dei
584 2364 862 2429 misericordiam⁴
885 2375 918 2429 et
941 2367 1046 2429 sancti
1069 2365 1156 2429 olaui
1180 2366 1401 2430 interuentum
1425 2387 1506 2431 uoce
1529 2378 1563 2432 et
1588 2377 1670 2432 uoto

329 2484 513 2565 suppliciter
531 2486 662 2562 adeunt,
680 2507 791 2550 secum
812 2487 1011 2550 unanimiter
1028 2485 1269 2561 confirmantes,
1286 2498 1323 2552 ut
1345 2489 1509 2570 optimum
1533 2489 1668 2571 piscem,

328 2606 442 2687 cuique
454 2606 528 2669 naui
545 2607 800 2687 prouenientem,
812 2608 855 2670 ad
868 2605 1039 2671 ecclesiam
1052 2608 1140 2671 beati
1156 2605 1242 2670 olaui
1258 2609 1483 2672 transmittere
1498 2607 1669 2687 deberent,

327 2727 353 2790 si
375 2727 484 2791 diuina
509 2727 715 2791 miseratione
738 2728 878 2809 respecti
904 2727 1020 2792 forent.
1068 2727 1253 2792 Audientes
1278 2726 1357 2791 finni
1367 2727 1390 2804 ⁵,
1417 2729 1473 2810 qui
1500 2729 1669 2792 etiamad

327 2846 538 2928 piscationem
553 2857 782 2924 conuenerant,
799 2847 945 2910 fidelium
962 2857 1051 2923 uota,
1065 2847 1223 2929 petebant
1238 2868 1273 2910 se
1289 2847 1322 2910 in
1337 2847 1400 2912 hoc
1416 2847 1551 2912 consssio
1562 2849 1670 2912 socios

326 2967 463 3042 admitti,
479 2967 524 3031 ita
539 2977 659 3043 tamen,
676 2969 764 3050 quod
781 2988 846 3031 non
864 2969 971 3030 minus
992 2987 1104 3030 eorum
1122 2965 1241 3031 deiculi
1261 2967 1304 3030 de
1328 2966 1390 3044 his,
1405 2989 1471 3050 que
1486 2989 1531 3032 ex
1553 2989 1668 3033 eorum

360 3117 493 3189 ¹Supply
505 3124 545 3174 ut.
980 3193 983 3197 ι

360 3204 371 3236 ²
389 3207 449 3260 The
463 3204 619 3261 Luffodens
658 3207 697 3261 So
709 3223 750 3262 we
766 3206 844 3261 leam
859 3207 921 3261 that
934 3206 990 3261 this
1009 3205 1119 3260 famous
1133 3205 1231 3260 winter
1246 3205 1358 3275 fishery,
1371 3207 1419 3262 the
1432 3223 1532 3262 source
1549 3207 1582 3262 oi
1597 3208 1669 3262 such

326 3304 403 3364 great
416 3293 515 3348 wealth
530 3303 559 3348 to
576 3295 705 3362 Norway,
717 3310 775 3347 was
793 3292 822 3348 in
838 3293 888 3348 rull
904 3293 1021 3363 activity
1040 3293 1068 3347 in
1081 3294 1130 3348 the
1142 3292 1249 3348 twellth
1268 3302 1393 3363 century.
1429 3295 1468 3349 At
1480 3296 1577 3365 Vdgar
1589 3292 1670 3365 (now

326 3379 453 3450 Vaagen)
463 3381 541 3436 there
551 3397 607 3435 was
619 3397 637 3436 a
649 3389 727 3450 great
739 3381 844 3435 annual
853 3390 926 3436 mart
937 3380 965 3434 in
976 3380 1133 3435 connexion
1147 3380 1212 3435 with
1223 3381 1271 3434 the
1282 3380 1396 3450 fishery.
1429 3381 1506 3450 King
1519 3381 1640 3452 Eystein
1655 3384 1668 3436 1

325 3469 382 3523 had
399 3469 500 3522 booths
518 3468 630 3523 erected
648 3468 715 3523 here
733 3468 776 3522 sor
794 3468 842 3522 the
861 3467 1051 3523 convenience
1064 3468 1096 3522 oi
1109 3467 1157 3522 the
1175 3467 1334 3536 fishermen,
1348 3467 1406 3522 and
1418 3470 1467 3525 the
1480 3469 1540 3524 first
1553 3469 1669 3538 church,

323 3557 409 3610 about
425 3571 503 3609 1120:
519 3556 633 3623 Muncb,
642 3554 988 3627 Histon'skgeographisk
1000 3555 1184 3624 Beskn'velse,
1196 3571 1224 3624 p.
1233 3554 1277 3609 62.
1315 3556 1370 3610 But
1383 3572 1455 3611 even
1468 3555 1496 3610 in
1508 3571 1561 3610 our
1569 3557 1669 3612 Athel-

324 3646 409 3698 stan’s
427 3642 493 3698 time
506 3643 625 3698 Thorols
632 3642 782 3712 employed
799 3659 885 3712 many
897 3659 963 3698 men
980 3642 1008 3698 in
1025 3644 1073 3698 the
1092 3643 1195 3711 lishery
1212 3642 1241 3698 in
1260 3642 1462 3712 Halogaland;
1479 3643 1567 3714 Egils
1578 3644 1669 3714 Saga,

323 3748 346 3785 c
361 3746 397 3786 ro
437 3732 470 3783 ln
482 3730 530 3784 the
542 3730 611 3799 days
624 3729 657 3784 ol
665 3729 769 3797 Alsred,
783 3729 910 3785 Ohthere
923 3729 947 3784 is
962 3729 1112 3786 described
1130 3747 1162 3784 as
1181 3747 1235 3784 one
1249 3728 1282 3783 os
1296 3729 1344 3785 the
1362 3739 1486 3800 greatest
1499 3746 1566 3785 men
1582 3747 1621 3802 up
1639 3730 1669 3784 in'

322 3819 403 3874 those
420 3827 496 3888 parts
507 3837 515 3884 ς
532 3818 591 3885 but,
603 3834 634 3871 as
647 3817 683 3873 he
695 3817 762 3886 only
775 3817 833 3871 had
849 3832 885 3871 20
896 3833 980 3885 cons,
993 3833 1028 3872 20
1039 3818 1136 3888 sheep,
1148 3817 1206 3873 and
1222 3833 1257 3871 20
1269 3815 1364 3892 swine,
1377 3815 1422 3872 his
1434 3817 1514 3873 chief
1527 3834 1628 3874 source
1640 3818 1675 3872 ol

322 3906 422 3962 wealth
433 3915 507 3960 must
520 3906 591 3960 bave
603 3905 675 3959 been
688 3904 736 3959 the
750 3903 862 3975 fishery.
898 3905 1015 3973 Munch,
1027 3905 1138 3959 Norske
1149 3905 1236 3959 Folks
1248 3905 1386 3974 Historie,
1402 3906 1425 3960 l.
1438 3906 1481 3975 89.

354 3992 366 4022 ³
386 3995 418 4048 ln
431 3994 462 4048 C.
471 3993 499 4047 C.
510 3992 540 4048 C.
552 3992 600 4046 the
612 3991 674 4060 sign
687 3991 730 4046 sor
742 4002 848 4060 essent,
861 3992 899 4061 by
912 4009 989 4047 error
1001 3992 1033 4046 ol
1041 3991 1151 4062 copyist
1164 3991 1207 4046 for
1219 4000 1304 4046 esset.

353 4081 364 4109 ⁴
386 4083 417 4134 ln
431 4081 460 4135 C.
471 4081 499 4134 C.
511 4080 539 4135 C.
553 4078 744 4134 misericordia
757 4079 794 4148 by
808 4095 893 4134 error.

353 4165 364 4196 ⁸
383 4169 456 4221 Over
469 4167 568 4235 ‘finni’
580 4167 745 4236 apparently
757 4166 796 4236 by
809 4168 857 4221 the
870 4183 949 4221 same
963 4166 1048 4236 hand,
1063 4165 1086 4220 is
1100 4165 1209 4221 written
1223 4165 1256 4220 ιἰ.
1271 4165 1391 4236 pagani!
