3832 4760
325 336 361 390 68
572 329 728 390 PASSIO
757 331 821 388 ET
844 328 1080 388 MIRACULA
1115 329 1200 386 ΒΕΑ
1211 329 1257 387 TI
1284 329 1426 386 oatt'l.

327 551 420 624 misit,
438 571 591 632 precones
609 550 697 613 uerbi
717 550 775 624 sui,
794 551 849 631 qui
867 549 1050 627 ueritatem,
1067 571 1131 631 quc
1148 549 1245 613 estin
1262 551 1384 613 christo
1404 550 1504 627 ihesu,
1521 549 1669 631 partibus

326 671 386 732 illis
407 673 616 753 predicarent,
634 671 795 735 culturam
820 680 1005 734 euerterent
1026 670 1212 752 ydolorum,
1229 672 1437 734 credentibus
1456 672 1558 734 uitam
1578 671 1670 734 inde·

325 791 484 855 ficientem
510 803 542 855 et
571 791 690 874 gaudia
721 801 834 854 eterna
861 792 1103 872 promitterent,
1131 791 1315 854 incredulos
1347 802 1380 854 et
1405 792 1542 855 rebelles
1569 789 1669 854 futuri

324 913 429 976 iudicii
446 922 479 976 et
497 912 668 994 perhennis
684 912 834 994 supplicii
852 921 941 974 metu
958 909 1244 982 deterrerentht,
1286 941 1310 969 v.
1378 940 1400 953 ν
1477 941 1529 974 „-

409 1033 515 1096 Huic²
539 1044 624 1108 tunc,
649 1041 685 1094 ut
711 1031 868 1106 diximus,
896 1028 1084 1110 prouincie³
1110 1038 1336 1120 preeratpregr&
1348 1032 1475 1124 ⁰l³¹¹¹¹sst
1499 1033 1566 1112 qui,
1591 1031 1669 1094 licet

322 1153 460 1236 gentilis,
486 1165 601 1214 natura
628 1162 738 1212 tamen
766 1149 931 1230 benignus
955 1156 1034 1222 erat,
1057 1148 1156 1208 etad
1180 1147 1319 1209 honesta
1342 1169 1472 1229 queque
1498 1151 1669 1230 sequenda

276 1355 280 1362 Ι
322 1273 463 1355 quadam
494 1270 611 1332 mentis
641 1268 845 1350 ingenuitate
881 1267 1134 1350 promtissimus.
1193 1266 1269 1340 Hic,
1301 1268 1488 1348 euangelice
1521 1268 1669 1331 ueritatis

322 1391 504 1456 sinceritate
522 1391 553 1452 in
569 1387 678 1471 anglia
694 1397 872 1469 comperta,
889 1387 989 1451 fidem
1006 1397 1079 1452 toto
1095 1386 1231 1450 admisit
1246 1397 1389 1470 pectore,
1400 1395 1433 1452 et
1449 1389 1491 1452 ad
1511 1387 1668 1470 baptismi

321 1511 458 1594 gratiam
483 1512 514 1572 in
540 1510 618 1572 urbe
641 1507 827 1592 rotomagi⁴
851 1509 974 1574 deuota
1004 1507 1104 1571 animi
1132 1507 1301 1572 alacritate
1333 1509 1531 1573 conuolauit.
1578 1509 1669 1571 Puri·

322 1633 433 1694 ficatus
457 1631 553 1712 igitur
575 1631 704 1694 lauacro
727 1629 871 1708 salutari,
897 1641 1032 1712 repente
1056 1639 1203 1720 mutatus
1227 1638 1278 1692 est
1301 1631 1333 1692 in
1356 1631 1457 1693 alium
1482 1631 1598 1716 uirum,
1623 1639 1666 1705 et,

323 1753 413 1814 iuxta
429 1752 516 1833 quod
533 1751 700 1832 apostolus
715 1751 770 1826 ait,
794 1751 1007 1832 consepultus
1030 1749 1152 1812 christo
1173 1769 1231 1830 per
1245 1750 1450 1831 baptismum
1467 1751 1498 1812 in
1516 1759 1666 1824 mortem,

322 1873 441 1934 oblitus
456 1893 518 1952 que
534 1881 618 1933 retro
633 1880 716 1945 sunt,
733 1870 765 1931 in
778 1869 942 1933 anteriora
961 1891 997 1932 se
1013 1870 1208 1946 extendens,
1220 1870 1253 1930 in
1270 1871 1419 1934 nouitate
1434 1871 1502 1933 uite
1514 1879 1667 1950 suscepte

324 1991 485 2069 religionis
514 1989 765 2070 perfectissimus
798 1989 992 2054 obseruator
1022 1989 1247 2052 ambulabat⁵.
1305 1989 1472 2054 Sordebat
1502 1991 1531 2054 ei
1558 1989 1668 2063 omnis

323 2132 384 2173 una
421 2109 607 2184 delectaci0‚
625 2121 657 2172 et
674 2109 791 2172 terreni
810 2111 900 2190 regni
917 2111 1021 2191 gloria
1041 2130 1098 2191 pre
1115 2109 1289 2172 dulcedine
1310 2110 1460 2174 celestis⁷
1479 2110 1666 2174 uilescebat.

325 2233 360 2292 ln
390 2230 487 2313 regali
517 2229 646 2310 fastigio
673 2229 872 2294 constitutus
896 2229 1010 2311 spiritu
1036 2249 1161 2310 pauper
1188 2239 1266 2306 erat,
1294 2238 1327 2292 et
1355 2231 1492 2292 terrenis
1523 2231 1667 2312 negociis

323 2352 504 2433 implicatus
526 2351 751 2414 nichilominus
775 2350 999 2413 meditabatur
1015 2349 1157 2414 celestia.
1207 2348 1372 2431 Quicquid
1390 2351 1502 2413 diuina
1519 2350 1575 2414 lex
1591 2369 1668 2430 pro·

322 2472 411 2534 hibet
427 2472 636 2534 uehementer
646 2470 866 2548 abhorrebat3
890 2469 1046 2551 quicquid
1064 2469 1204 2551 precipit
1220 2470 1453 2534 ardentissimo
1468 2469 1667 2552 complecte-

320 2594 415 2655 batur
429 2612 539 2654 amore
551 2589 573 2652 ⁸.

405 2711 496 2774 Nec⁹
514 2711 644 2792 propria
666 2710 773 2774 salute
795 2719 982 2784 contentus,
1005 2709 1147 2791 populos
1166 2710 1295 2792 quibus,
1318 2709 1432 2774 diuina
1454 2709 1667 2792 dispensante
1764 2745 1766 2748 ·

320 2831 531 2914 prouidentia,
553 2831 745 2913 prestitutus
764 2841 842 2908 erat,
857 2831 900 2893 ad
923 2830 1023 2892 fidem
1047 2830 1198 2913 uigilanti
1222 2840 1412 2894 conuertere
1435 2831 1625 2894 nitebatur
1616 2851 1665 2893 rn-

321 2951 449 3014 stantia.
496 2950 540 3014 Et
556 2971 641 3014 nouo
660 2971 767 3014 rerum
783 2949 899 3058 ordine
915 2970 974 3057 rex
990 2950 1180 3058 apostoli
1149 2971 1220 3013 uice
1220 2950 1408 3070 sungens‚'
1400 2969 1481 3050 ipse
1486 2951 1558 3014 dux
1567 2949 1691 3058 uerbi„
1761 3003 1763 3006 .

483 3031 748 3098 ests..-

354 3191 458 3246 ¹lnC
471 3193 500 3246 C.
511 3193 539 3246 C
552 3192 719 3246 detererent.
892 3189 997 3246 'Sect
1012 3193 1081 3288 20&
1248 3189 1434 3260 ³kingdom:
1454 3209 1503 3246 see
1516 3193 1665 3262 Ducange.

354 3279 365 3310 ¹
383 3277 540 3346 According
551 3287 581 3332 to
594 3278 689 3332 Snorri
692 3279 791 3349 ,Saga
803 3278 885 3349 Olass
897 3279 925 3333 Τ
920 3295 1023 3352 tyggv
1033 3269 1077 3352 67,
1086 3278 1167 3333 when
1179 3277 1249 3333 Olal
1255 3295 1312 3332 was
1321 3281 1402 3333 three
1410 3277 1523 3332 wrnters
1530 3278 1588 3348 old,
1598 3277 1670 3334 orat

321 3369 501 3436 Tryggvason
517 3375 638 3420 cameto
651 3364 805 3435 Ringarilce
818 3376 848 3421 to
861 3366 965 3436 spread
979 3364 1172 3434 Christianity‚
1186 3365 1243 3419 and
1257 3367 1314 3420 had
1326 3365 1386 3420 him
1398 3365 1539 3435 baptized,
1551 3364 1670 3421 himself

320 3454 449 3523 standing
461 3453 614 3522 godtather.
649 3453 774 3507 William
787 3454 820 3506 of
828 3453 981 3523 Jumieges‚
994 3454 1039 3507 De
1046 3453 1164 3507 ducibus
1172 3454 1359 3521 Nomannis,
1372 3453 1420 3508 lib.
1428 3470 1454 3522 v,
1465 3469 1490 3508 c.
1502 3468 1542 3522 12,
1554 3453 1663 3510 writes:

319 3543 394 3596 ‘Rex
407 3551 500 3595 autem
513 3542 618 3594 Olavus
632 3557 716 3610 super
729 3540 891 3596 Christiana
908 3540 1043 3610 religione
1056 3541 1224 3609 oblectatus,
1237 3551 1333 3610 spreto
1347 3541 1487 3595 idolorum
1500 3542 1585 3610 cultu,
1599 3557 1664 3596 cum

318 3629 456 3682 nonnullis
481 3645 601 3696 suorum,
623 3629 753 3682 hortante
777 3628 924 3682 Rodberto
952 3627 1176 3697 archiepiscopo,
1201 3628 1239 3682 ad
1265 3627 1369 3683 Christi
1396 3627 1482 3682 fidem
1509 3645 1663 3683 conversus

317 3727 368 3784 est,
387 3728 470 3786 atque
487 3717 523 3769 ab
541 3731 575 3769 eo
594 3715 765 3784 baptismate
784 3716 858 3770 lotus
876 3726 905 3770 et
924 3732 1005 3770 sacro
1024 3715 1177 3769 chrismate
1196 3715 1347 3784 delibutus,
1364 3715 1401 3769 de
1419 3725 1554 3786 percepta
1572 3715 1663 3784 gratia

314 3804 447 3872 gaudens,
461 3803 497 3857 ad
513 3819 630 3872 regnum
646 3819 729 3857 suum
746 3819 891 3872 regressus
908 3812 961 3859 est.
998 3804 1103 3857 Postea
1119 3819 1187 3856 vero
1206 3819 1224 3857 a
1240 3803 1298 3857 suis
1316 3802 1444 3873 proditus
1457 3812 1486 3858 et
1508 3820 1526 3856 a
1545 3802 1661 3873 perfidis
1711 3847 1713 3849 .

316 3890 415 3960 injuste
434 3900 593 3960 peremptus
610 3891 763 3944 caelestem
779 3889 888 3960 regiam
905 3889 1028 3958 intrauit,
1045 3907 1094 3944 rex
1110 3899 1139 3944 et
1159 3900 1267 3960 martyr
1282 3890 1429 3960 gloriosus,
1446 3899 1475 3944 et
1490 3907 1566 3944 nunc
1584 3890 1661 3960 apud

314 3989 425 4046 gentem
438 3977 513 4032 illam
525 3979 673 4032 choruscat
686 3977 822 4048 prodigiis
835 3987 863 4034 et
873 3977 1040 4034 virtutibus!
1077 3976 1118 4033 Cf.
1131 3977 1234 4033 Theoti.
1244 3978 1379 4032 Monach.
1388 3979 1465 4032 Hist.
1477 3995 1503 4034 c.
1511 3976 1568 4032 xiii.
1605 3979 1661 4032 See

317 4064 515 4134 Introduction,
527 4082 553 4135 p
567 4080 592 4134 9.
1237 4063 1249 4096 ⁶
1267 4068 1395 4121 Romans
1407 4064 1443 4120 vi.
1453 4079 1481 4131 ’4.

346 4150 446 4206 ‘tana
458 4153 490 4205 S.
668 4150 855 4208 ⁷caelestiS.
924 4153 927 4160 '
1037 4151 1169 4206 ⁸affectu
1183 4153 1214 4208 S.
1427 4150 1535 4208 ’Sect
1549 4167 1575 4220 3.
1589 4153 1620 4208 S.
