3832 4760
456 374 613 434 PASSIO
644 372 706 430 ET
728 371 963 432 MancULn
997 370 1133 428 amir!
1164 371 1306 431 otum.
1521 395 1556 452 75

206 577 313 640 Cecus
324 576 423 658 igitur
433 576 569 658 quidam
581 587 659 638 ante
672 576 808 637 domum
820 575 958 636 eandem
971 573 1141 647 transiens,
1153 574 1326 654 prolapsus
1339 587 1388 638 et
1400 578 1431 638 in
1443 578 1559 656 locum,

203 697 259 780 qui
276 697 385 760 adhuc
400 717 488 778 aqua
509 696 629 760 inlecta
646 695 803 778 sanguine
829 695 993 757 madebat.
1040 693 1192 774 Cumque
1208 694 1331 775 digitos
1352 717 1428 758 suos
1445 701 1558 764 made-

203 817 309 883 sactos
322 818 440 882 eadem
456 838 543 900 aqua
556 817 599 884 ad
615 817 728 881 oculos
744 837 821 880 suos
837 815 1032 889 reduxisset,
1049 814 1136 877 illico
1153 815 1285 878 detersa
1296 816 1435 898 caligine
1447 822 1558 884 lumen

204 939 379 1022 pristinum
398 938 522 1021 recepit
531 937 551 1002 ¹.

294 1051 477 1134 Obstupuit
494 1052 595 1136 igitur
610 1051 833 1126 uehementer,
847 1050 878 1113 in
892 1071 956 1132 quo
973 1049 1121 1112 diuinum
1138 1047 1238 1112 fiebat
1255 1049 1456 1128 miraculum,
1470 1063 1502 1113 et
1519 1053 1559 1114 de

202 1172 294 1237 cuius
316 1173 476 1257 sanguine
498 1194 585 1257 aqua
608 1193 755 1255 respersa
775 1170 911 1236 luisset2
935 1169 1079 1234 cercius³
1103 1170 1291 1252 explorans,
1309 1193 1344 1234 se
1365 1193 1424 1253 per
1443 1172 1561 1234 merita

202 1295 293 1358 beati
309 1293 396 1359 olaui
413 1297 520 1359 uisum
542 1295 704 1376 recepisse
720 1293 901 1356 certissime
917 1292 1081 1373 cognouit.
1128 1290 1239 1356 Mirati
1264 1303 1340 1355 sunt
1363 1314 1479 1356 omnes
1503 1295 1558 1374 qui

202 1417 379 1480 audierunt
400 1417 582 1480 nouitatem
608 1413 763 1489 miraculi,
784 1424 817 1475 et
837 1412 983 1474 diuinam
1004 1412 1163 1492 pietatem
1184 1414 1291 1493 dignis
1315 1414 1465 1478 extulere
1486 1435 1559 1496 pre-

202 1537 315 1614 coniis,
331 1536 388 1617 qui
405 1535 573 1597 martirem
590 1553 685 1595 suum
703 1541 771 1594 tam
788 1531 905 1610 insigni
922 1529 1098 1592 clarificare
1114 1532 1269 1594 miraculo
1285 1534 1492 1615 dignabatur.

233 1784 428 1848 QUALITER
451 1783 531 1834 DUX
556 1783 706 1846 QUIDAM
732 1783 780 1831 DE
805 1782 988 1830 HIBERNIA
1013 1781 1257 1831 INTERUENTU
1281 1782 1391 1832 BEATl
1415 1786 1529 1836 OLAUl

409 1904 539 1954 REGEM
564 1903 715 1955 INIUSTE
740 1902 809 1952 SIBI
833 1900 1113 1952 ADUERSANTEM
1138 1899 1357 1954 SUPERAUIT.

293 2045 400 2110 Erat⁴
416 2046 448 2108 in
464 2045 614 2109 hibernia
636 2047 706 2108 dux
729 2045 863 2126 quidam
885 2041 1087 2125 gubormus⁵
1108 2042 1250 2117 nomine,
1268 2045 1404 2108 nacione
1424 2047 1561 2126 noricus,

205 2166 331 2232 scilicet
345 2167 436 2230 beati
453 2165 595 2230 martiris
618 2165 707 2229 olaui
729 2185 841 2246 nepos,
858 2164 908 2224 uir
922 2183 1043 2245 genere
1064 2163 1237 2245 preclams,
1260 2174 1293 2226 et
1313 2140 1411 2228 armis
1433 2180 1562 2248 potens.

207 2289 274 2352 Hic
285 2308 361 2354 cum
372 2308 450 2372 rege
460 2286 651 2370 dyblinnie⁶
661 2285 839 2368 margodo⁷
851 2284 1027 2362 lederatus,
1040 2294 1073 2348 et
1084 2285 1229 2364 quadarn
1242 2283 1392 2350 familiari
1402 2289 1561 2354 societate

204 2410 399 2475 coniunctus
411 2419 491 2473 erat.
526 2407 677 2490 Contigit
689 2418 812 2482 autern,
824 2417 859 2470 ut
872 2406 971 2470 ambo
984 2405 1106 2486 pariter
1118 2406 1150 2466 in
1164 2406 1412 2486 expeditionem
1426 2430 1501 2472 cum
1514 2411 1562 2473 in-

205 2550 381 2594 numerosa
396 2529 502 2594 classe
521 2528 660 2612 profecti
676 2529 752 2592 inde
769 2527 881 2592 multis
896 2527 1014 2609 opibus
1029 2536 1063 2590 et
1080 2528 1242 2590 manubiis
1259 2529 1399 2610 copiosis
1413 2532 1561 2614 locuple-

204 2651 266 2716 tati
282 2659 534 2716 reuerterentur.
573 2650 730 2732 Quadam
750 2669 829 2731 ergo
844 2649 908 2723 die,
925 2669 1000 2712 eum
1017 2648 1122 2729 spolia
1138 2647 1224 2710 inter
1238 2667 1274 2712 se
1290 2651 1424 2714 diuisuri
1441 2671 1561 2716 conue-

205 2771 339 2851 nissent,
362 2772 479 2835 uidens
505 2792 566 2834 rex
593 2770 738 2852 prefatus
764 2771 902 2851 predam
929 2768 1212 2844 innumerabilem,
1236 2789 1349 2833 amore
1372 2771 1562 2852 cupiditatis

204 2902 340 2957 cecatus
355 2901 414 2969 est,
427 2900 461 2955 et
473 2900 587 2957 mutue
603 2890 772 2956 societatis
786 2899 821 2954 et
834 2861 952 2956 alterni
964 2889 1161 2954 sacramenti
1177 2898 1395 2973 contemptor,
1407 2896 1563 2975 proponit

205 3013 282 3078 duci
299 3021 337 3077 ut
352 3013 453 3096 eligat
474 3011 576 3075 unum
599 3012 690 3094 quod
707 3011 808 3076 uellet
824 3032 843 3076 e
858 3011 997 3086 duobus,
1014 3021 1072 3074 aut
1091 3007 1180 3088 mihi,
1196 3011 1322 3092 inquid,
1337 3015 1449 3076 omnia
1465 3015 1563 3078 relin-

205 3119 332 3229 quens⁸
348 3154 425 3200 eum
440 3109 580 3198 nauibus
595 3132 711 3216 spolia,
722 3141 780 3196 aut
791 3153 812 3198 a
825 3153 878 3198 me
890 3132 1015 3196 bellum
1027 3131 1087 3196 tibi
1100 3131 1229 3196 illatum
1245 3134 1431 3200 sustinebis.
1470 3136 1562 3201 Inter

241 3302 250 3334 ¹
270 3303 368 3374 Geislr',
382 3318 486 3372 22-243
504 3304 593 3358 Ham.
607 3315 675 3372 1503
693 3303 760 3375 Lag.
774 3303 863 3374 Saga,
876 3320 901 3358 c.
915 3318 981 3371 1033
1003 3302 1085 3373 Olass
1099 3303 1188 3374 Saga,
1201 3320 1225 3358 c.
1240 3303 1300 3370 236.

240 3390 252 3423 ¹
270 3390 562 3462 Obstupuit-fuisset
574 3397 652 3448 caret
663 3392 695 3446 S.

240 3477 251 3510 ⁸
271 3481 305 3534 In
318 3481 350 3536 S.
364 3479 420 3550 Qui
434 3478 601 3542 miraculum
615 3480 712 3534 besore
725 3478 842 3534 cercius.

240 3567 347 3622 ‘Sect
365 3581 390 3622 2.
408 3568 438 3621 S.
478 3568 534 3622 See
555 3568 652 3636 Geisli,
676 3582 782 3635 31-34;
806 3568 977 3634 Ham.150;
1002 3567 1068 3636 Lag.
1091 3567 1179 3637 Saga,
1196 3581 1264 3632 1043
1295 3566 1376 3637 Olass
1394 3570 1483 3640 Saga,
1502 3572 1563 3627 266.
1613 3550 1718 3646 Hm·

206 3654 304 3711 Snorri
317 3671 383 3724 says
396 3655 458 3708 that
473 3653 602 3708 Guborm
616 3672 674 3709 was
687 3671 740 3709 son
753 3655 786 3708 os
797 3653 874 3708 Ketil
889 3654 962 3708 Kalv
974 3653 1032 3707 and
1046 3653 1133 3708 Olal’s
1147 3653 1302 3708 half-sister
1315 3656 1470 3711 Gunnhild.
1617 3631 1859 3737 Sva'bluss
1882 3700 1887 3704 .

240 3741 252 3773 ⁶
271 3742 372 3798 Marks
392 3741 421 3796 in
439 3743 488 3797 the
500 3743 605 3798 vellum
624 3742 749 3798 indicate
767 3743 829 3798 that
848 3742 897 3796 the
914 3741 974 3794 bin
994 3740 1050 3796 this
1063 3741 1140 3795 word
1159 3758 1225 3810 may
1237 3741 1311 3796 have
1329 3743 1402 3798 been
1415 3745 1564 3816 originally
1590 3711 1816 3819 Sywtfiiusq

205 3829 315 3888 written
333 3829 439 3899 rightly
459 3837 476 3897 p
498 3829 559 3900 (the
577 3829 657 3886 runic
677 3831 730 3900 th),
749 3830 798 3884 the
823 3830 908 3887 lower
928 3839 991 3898 part
1011 3829 1044 3883 of
1059 3828 1151 3882 which
1176 3830 1258 3883 letter
1279 3847 1337 3884 was
1360 3830 1564 3904 subsequently
1687 3804 1754 3872 ω’·
1767 3799 1827 3877 5⁵)

205 3918 315 3978 erased.
351 3918 537 3986 Gutbormus,
551 3919 583 3975 S.
1224 3915 1339 3972 ‘Ham
1354 3919 1491 3987 Dyrlinni.

241 4003 253 4036 ἵ
272 4007 307 4062 In
329 4004 437 4073 Snorri,
461 4004 607 4072 Maddad3
634 4005 790 4075 according
814 4015 844 4060 to
866 4005 916 4060 the
943 4003 1016 4059 In'sh
1042 4003 1219 4073 authorities,
1238 4005 1474 4076 Each·Margaeh
1498 4026 1564 4066 rnac

207 4093 340 4166 Ragnaill
353 4109 411 4148 was
423 4091 493 4163 king
504 4092 534 4148 in
548 4093 657 4148 Dublin
672 4094 817 4162 (1035-38,
834 4092 976 4162 1046-52).
1015 4091 1123 4162 Snorri,
1136 4091 1280 4162 following
1293 4094 1391 4166 Qli,
1403 4096 1500 4164 places
1515 4100 1564 4154 the

206 4183 296 4240 battle
313 4181 342 4237 in
355 4181 404 4238 the
418 4180 518 4236 Sound
530 4180 564 4235 oi
571 4181 620 4238 the
635 4182 692 4236 lsle
705 4183 739 4236 of
747 4182 900 4250 Anglesea.
1275 4178 1286 4209 ⁸
1304 4180 1446 4252 relinques
1458 4185 1491 4240 S.

851 4293 911 4341 La
