3832 4760
303 307 338 374 84
547 305 702 364 PASSIO
730 307 793 364 ET
816 306 1050 366 armacani
1084 308 1225 366 BEnTl
1255 309 1395 366 (lh-tvl.

305 523 430 584 uibrato
459 524 521 587 ictu
553 525 702 606 ligamen,
727 547 792 606 quo
824 527 1079 603 sustentabatur,
1105 529 1252 609 precidit.
1299 528 1397 610 Quod
1430 527 1508 589 dum
1542 525 1645 601 fieret,

304 662 418 723 corpus
452 645 631 708 miserabile
662 646 693 708 in
725 647 790 710 tale
828 648 1034 728 precipitium
1072 650 1188 722 tendit,
1222 659 1257 712 ut
1295 650 1399 730 magis
1434 645 1647 710 membratim

306 763 485 828 crederetur
515 765 698 838 comminui,
730 787 830 848 quam
863 767 963 830 etiam
995 768 1118 831 uiuenti
1149 770 1239 832 salus
1269 790 1366 850 posse
1397 767 1531 850 sperari.
1586 764 1648 828 Set

307 904 364 946 nec
393 905 484 948 casus
514 886 680 967 asperitas,
708 906 767 948 nec
795 887 973 948 eminentia
1004 887 1128 967 scopuli
1160 899 1291 968 poterat
1321 889 1438 950 inferre
1467 905 1648 968 grauamen

306 1003 364 1078 cui,
381 1025 438 1084 pro
459 1005 591 1078 iusticia,
616 1005 755 1068 martiris
780 1005 932 1066 meritum
954 1006 1096 1085 prestitit
1119 1007 1281 1068 iuuamen.
1327 1006 1393 1086 Qui
1418 1007 1531 1068 statim
1554 1005 1650 1085 quasi

306 1123 462 1187 resolutus
492 1145 607 1205 sopore
639 1124 768 1200 resedit,
799 1123 958 1186 uisionem
996 1123 1093 1186 uelud
1128 1126 1317 1205 sompnium
1351 1124 1505 1188 recolens
1564 1121 1650 1185 Cum

304 1253 422 1316 autem,
460 1242 647 1306 discedente
685 1241 805 1324 algore,
838 1243 930 1324 uigor
967 1245 1122 1308 membris
1160 1255 1370 1321 accresceret,
1402 1254 1444 1320 et,
1480 1253 1651 1322 resumpto

304 1364 425 1443 spiritu,
449 1362 604 1443 paulatim
628 1361 880 1440 conualesceret,
903 1363 945 1426 ad
973 1366 1076 1428 sancti
1109 1365 1250 1428 martiris
1274 1363 1388 1426 limina
1412 1382 1551 1445 propere
1577 1370 1650 1423 ten-

306 1482 363 1558 dit,
386 1493 418 1544 et
442 1502 509 1544 rem
532 1503 632 1564 penes
655 1503 690 1546 se
712 1494 852 1564 gestam,
881 1493 914 1546 et
940 1484 1117 1548 multorum
1141 1486 1331 1548 testimonio
1356 1484 1584 1566 approbatam,
1608 1484 1651 1544 ad

306 1601 433 1665 laudem
457 1603 508 1665 dei
532 1625 574 1665 ex
598 1603 711 1666 ordine
735 1605 804 1666 eius
827 1603 888 1666 loci
912 1603 1159 1687 archiepiscopo
1183 1616 1217 1668 et
1241 1603 1412 1670 fratribus¹
1438 1603 1604 1685 exposuit.

1508 1763 1598 1806 s..

384 1868 431 1914 DE
455 1868 533 1916 UIRI
557 1871 750 1919 CUIUSDAM
777 1869 1071 1930 PRESUMPCIONE,
1099 1873 1145 1920 ET
1169 1874 1239 1924 SUE
1266 1872 1563 1923 PRESUMPTIONIS

887 1989 1059 2038 ULTIONE.
1430 1985 1433 1992 ¹

392 2159 558 2242 Contigit²
575 2163 719 2243 quodam
744 2172 892 2244 tempore
914 2164 1095 2236 ciuitatem,
1113 2164 1144 2224 in
1168 2184 1234 2244 qua
1257 2175 1389 2226 sanctus
1411 2165 1524 2226 martir
1545 2166 1652 2244 requi-

175 2283 186 2388 ξι
214 2270 219 2294 ’“
245 2299 252 2312 Χ
308 2279 394 2352 escit,
412 2279 621 2345 uehementer
639 2283 782 2361 accendi,
800 2282 898 2358 unde,
915 2282 958 2345 ad
978 2282 1189 2345 muniendam
1212 2284 1316 2364 ipsam
1336 2281 1515 2356 ecclesiam,
1533 2304 1652 2364 corpus

184 2393 186 2400 ⁴
223 2385 227 2407 ¹
308 2399 453 2472 martiris,
484 2421 542 2482 pro
572 2422 673 2477 mum,
699 2403 828 2486 ignibus
858 2414 1041 2485 opponunt.
1095 2403 1248 2466 Accessit
1273 2413 1385 2465 autem
1412 2403 1546 2484 quidam
1571 2404 1653 2466 satis

306 2521 502 2598 temerarius,
521 2533 554 2585 et
577 2523 729 2587 scrinium
754 2523 895 2586 martiris
914 2524 1002 2606 cepit
1025 2524 1208 2596 uerberare,
1232 2523 1336 2584 minas
1360 2521 1537 2596 inserendo,
1562 2524 1652 2604 quod

217 2646 219 2650 ’
306 2647 410 2702 totum
431 2642 526 2704 simul
548 2645 697 2707 incendio
715 2644 966 2725 relinquendum
985 2653 1082 2720 esset,
1098 2642 1159 2705 nisi
1181 2641 1313 2705 solitum
1338 2651 1534 2705 monstraret
1553 2642 1654 2704 bene·

307 2757 419 2836 fitium,
442 2771 475 2825 et
497 2762 667 2827 ecclesiam
691 2783 765 2827 cum
789 2765 943 2827 domibus
964 2762 1074 2856 adhuc
1101 2761 1202 2824 illesis
1225 2762 1292 2824 suis
1315 2761 1518 2824 orationibus
1540 2771 1651 2824 custo-

306 2877 398 2942 diret.
456 2881 603 2946 Ecclesia
638 2892 751 2948 autem
788 2886 912 2948 intacta
944 2883 1146 2966 permansit3
1188 2891 1239 2944 set
1273 2881 1421 2946 minister
1452 2880 1517 2959 ille,
1553 2891 1652 2945 nocte

308 3000 463 3078 sequenti,
492 3004 583 3083 graui
613 3004 782 3068 oculorum
815 3003 930 3066 dolore
964 3012 1143 3084 correptus,
1175 3001 1310 3064 tandem
1347 3000 1379 3062 in
1410 2997 1482 3083 ipsa
1512 3000 1653 3065 ecclesia

308 3119 411 3181 sancti
434 3122 571 3184 martiris
593 3123 743 3204 precibus
765 3124 940 3186 sanitatem
965 3121 1096 3204 recepit.

338 3393 387 3443 DE
410 3396 551 3448 IUUENE
576 3399 644 3448 PER
668 3399 848 3449 MARTIRIS
873 3398 1083 3449 SUFFRAGIA
1104 3399 1127 3445 A
1151 3394 1405 3446 CAPTIUITATE
1428 3393 1623 3446 LIBERATO.

396 3547 547 3613 quenis³
565 3549 708 3631 quidam,
724 3549 856 3612 natione
876 3548 986 3625 dacus,
1009 3569 1030 3610 a
1052 3545 1172 3608 sclauis
1195 3545 1351 3608 detentus
1369 3542 1508 3620 ducitur,
1524 3551 1558 3606 et
1578 3562 1653 3606 cum

188 3667 192 3676 ’
214 3675 237 3713 'r
258 3753 264 3759 .
308 3667 380 3730 aliis
395 3671 533 3751 captiuis
548 3671 580 3732 in
596 3670 746 3733 custodia
761 3667 964 3733 strictissime
981 3665 1196 3747 mancipatur.
1228 3663 1446 3727 Nam'diebus
1458 3660 1655 3726 cathenatus

345 3803 353 3834 ¹
373 3805 434 3860 The
448 3807 548 3876 Clergy
557 3807 590 3860 oi
598 3808 645 3861 the
660 3806 820 3874 Cathedral,
834 3805 1013 3873 twenty-four
1024 3803 1052 3856 in
1065 3803 1194 3856 number.

343 3889 445 3948 ²Sect
463 3909 500 3948 ιι.
514 3895 545 3948 S.
581 3895 665 3949 Hom.
688 3895 744 3964 158,
763 3893 835 3947 Μὶν.
854 3891 898 3959 κὶ;
923 3892 988 3962 Leg.
1007 3891 1095 3960 Saga,
1113 3903 1179 3955 112;
1204 3887 1349 3942 Heimskr.
1366 3885 1436 3954 6563
1467 3885 1548 3956 Olass
1564 3885 1655 3956 Saga,

309 3994 333 4033 c.
347 3992 406 4048 273,
419 3981 539 4036 referred
552 3981 590 4050 by
603 3981 697 4037 Snorri
710 3991 740 4036 to
753 3981 801 4036 the
813 3979 882 4036 time
894 3979 927 4034 of
937 3981 1060 4048 Magnus
1074 3976 1217 4044 Barefoot,
1235 3987 1399 4042 1093-1103.

344 4064 354 4095 ³
373 4068 445 4122 Sect.
469 4084 508 4136 12,
526 4075 602 4124 caret
619 4071 649 4124 S.
687 4070 771 4123 Hom.
790 4069 845 4136 158,
864 4068 935 4122 Mir.
953 4065 1010 4130 xii;
1034 4065 1100 4134 Leg.
1117 4065 1207 4134 Saga,
1224 4077 1292 4130 113;
1317 4060 1461 4115 Heimskr.
1474 4059 1546 4129 6973
1574 4060 1656 4130 Olass

310 4153 396 4222 Saga,
410 4172 434 4207 c.
448 4169 507 4224 275,
519 4157 610 4210 where
625 4156 719 4210 Snorri
733 4156 828 4225 places
842 4155 862 4209 it
876 4155 904 4208 in
917 4155 965 4208 the
979 4152 1092 4208 timeor
1102 4150 1205 4219 Sigurd
1218 4151 1266 4204 the
1281 4147 1428 4204 Crusader.
