3832 4760
446 352 605 412 PASSIO
635 351 698 409 ET
721 349 958 408 Mllolco'Ln
992 348 1076 405 ΒΕΑ
1088 347 1133 404 TI
1161 347 1306 405 OLAUI.
1497 369 1550 424 ¹09

201 572 300 655 gauit.
345 571 402 634 Ad
429 590 488 632 nos
516 572 627 651 itaque
656 570 776 649 pariter
801 568 944 644 ueniunt,
969 587 1044 630 nam
1072 589 1112 629 eo
1139 578 1288 648 tempore
1315 567 1485 650 parochias
1509 591 1552 632 ex
1587 625 1589 634 .

202 689 313 755 more¹
350 692 599 764 circumeuntes,
638 690 670 751 in
708 689 816 751 uicina
853 687 1017 770 prouintia
1056 687 1283 752 ecclesiasticis
1324 690 1553 753 detinebamur
1582 673 1591 760 ,ἵ

202 811 356 895 negociis,
375 821 409 876 et
428 812 516 894 quod
536 811 626 894 prius
644 829 718 874 cum
742 809 923 888 sacerdote,
942 809 1157 892 postmodum
1181 809 1352 872 nobiscum
1371 809 1497 874 confert
1520 820 1554 875 et

202 931 383 1011 confirmat,
406 943 449 1012 et,
472 942 509 998 ut
531 933 691 1015 temporis
714 932 919 1015 experientia
947 940 1117 1008 monstrat,
1142 931 1233 1012 quod
1260 931 1382 996 deuote
1406 931 1555 996 uoluerat

202 1074 268 1118 non
291 1053 399 1118 minus
421 1055 542 1119 deuote
565 1055 749 1138 exequitur.

290 1175 376 1240 Item
403 1175 527 1263 mulier,
554 1197 619 1260 que
646 1197 705 1258 per
731 1176 880 1240 dolorem
911 1174 1080 1240 oculorum
1112 1175 1218 1238 uisum
1249 1176 1415 1253 amiserat,
1442 1175 1555 1256 paucis

200 1307 279 1362 ante
299 1295 419 1361 testum
441 1297 583 1360 martiris
604 1297 731 1371 diebus,
751 1299 874 1378 adepta
894 1297 1044 1370 sanitate,
1065 1296 1196 1359 letatur.

289 1417 421 1482 Eodem
438 1426 587 1498 tempore
608 1417 744 1498 quidam
764 1413 954 1478 lundensis2
970 1417 1002 1477 in
1018 1417 1162 1480 oratorio
1178 1417 1222 1480 de
1243 1416 1414 1499 ringgisair
1426 1417 1447 1495 ³,
1463 1417 1552 1498 quod

201 1537 346 1602 martiris
368 1538 502 1600 nomine
525 1536 710 1616 insignitur,
734 1537 843 1598 uisum
870 1535 1002 1616 recepit,
1025 1537 1124 1615 quod,
1147 1535 1223 1598 licet
1250 1537 1282 1598 in
1309 1537 1422 1618 primis
1447 1537 1555 1600 minus

202 1655 349 1738 perfecte
371 1662 609 1736 assequeretur,
634 1655 772 1718 ductore
796 1663 910 1718 tamen
942 1663 1063 1734 spreto,
1089 1655 1132 1716 ad
1163 1657 1288 1736 gratias
1316 1657 1482 1736 agendum
1506 1659 1554 1718 ni·

202 1774 367 1840 derosiam
392 1785 556 1858 properat,
579 1775 645 1852 ubi,
666 1793 740 1838 cum
765 1774 882 1838 diebus
905 1774 1031 1855 aliquot
1055 1774 1196 1837 martiris
1220 1775 1406 1839 natalitium
1429 1785 1557 1857 presto·

203 1896 314 1970 land0,
331 1895 509 1976 gratiarum
530 1895 729 1970 accionibus,
746 1905 780 1958 et
803 1914 863 1976 pro
882 1893 1032 1959 sanitatis
1054 1894 1255 1976 perfectione
1278 1896 1558 1960 obsecrationibus

203 2015 379 2090 insisteret,
397 2035 461 2078 non
480 2017 587 2079 minus
603 2023 733 2098 gratam
750 2035 850 2096 quam
872 2015 1010 2079 dilatam
1027 2016 1204 2080 sanitatem
1220 2017 1352 2098 recepit.
1395 2016 1457 2082 Set
1475 2039 1557 2100 quo-

204 2136 293 2198 niam
315 2135 487 2198 infinibus
509 2136 572 2198 illis
593 2135 731 2218 predicti
749 2137 875 2200 iuuenis
898 2136 989 2200 nulla
1012 2136 1199 2200 habebatur
1223 2138 1352 2209 noticia,
1369 2138 1464 2201 nudis
1487 2140 1557 2202 eius

204 2255 313 2318 uerbis
341 2255 431 2318 nulla
452 2265 503 2320 est
528 2256 610 2319 fides
636 2256 795 2320 adhibita.
841 2256 892 2320 At
915 2277 990 2320 cum
1018 2257 1174 2337 proximo
1202 2258 1342 2320 martiris
1367 2259 1555 2322 natalicium

204 2377 351 2448 instaret,
374 2378 459 2441 inter
482 2377 727 2442 multitudinem
751 2400 794 2440 ex
820 2378 958 2441 diuersis
981 2377 1171 2459 regionibus
1198 2377 1418 2442 confluentem
1443 2389 1557 2443 assunt

204 2497 352 2562 eiusdem
376 2497 543 2579 prouincie
569 2498 722 2562 honorati
746 2499 817 2570 uiri,
841 2498 980 2580 predicti
1011 2497 1140 2560 iuuenis
1171 2498 1327 2564 noticiam
1355 2500 1557 2582 profitentes,

204 2627 239 2682 et
254 2617 344 2682 fideli
361 2617 551 2682 testimonio
568 2617 763 2684 relationem
781 2619 930 2683 eiusdem
947 2619 1149 2684 roborantes.

243 3047 250 3057 ι
298 2985 349 3039 DE
373 2983 523 3036 PAGANO
545 2985 598 3036 AD
620 2983 914 3053 INUOCATIONEM
939 2983 1124 3034 MARTIRIS
1149 2984 1197 3033 AB
1220 2983 1496 3036 INFIRMITATE·

439 3104 618 3160 CORPORIS
641 3104 689 3154 ET
712 3104 983 3156 INFIDELITATE
1007 3103 1147 3154 MENTIS
1171 3103 1327 3156 SANATO.

294 3262 372 3326 Duo
387 3263 522 3327 iuuenes
538 3263 581 3328 de
602 3262 722 3327 finibus
739 3271 892 3326 estonum
905 3261 930 3339 ⁴,
946 3284 991 3328 ex
1007 3261 1146 3345 perfidia
1160 3263 1204 3327 ad
1220 3261 1321 3326 fidem
1337 3265 1467 3328 nouiter
1481 3285 1559 3329 con·

207 3383 304 3460 uersi,
329 3383 487 3448 orationis
514 3405 613 3448 causa
640 3382 813 3449 ecclesiam
836 3383 926 3448 beati
951 3381 1039 3446 olaui
1066 3381 1209 3446 martiris
1234 3383 1378 3448 uisitant.
1425 3384 1473 3448 Hi
1493 3407 1560 3450 non

208 3501 315 3568 nullas
331 3503 562 3568 miraculorum
578 3504 855 3580 choruscationes,
872 3525 932 3586 per
951 3504 1174 3568 interuentum
1197 3503 1286 3567 beati
1306 3503 1447 3568 martiris
1462 3504 1560 3583 olaui,

242 3672 253 3704 ¹
271 3674 334 3730 The
347 3673 529 3745 Archbishop
541 3691 610 3750 goes
623 3692 661 3730 on
673 3693 692 3730 a
703 3675 858 3744 visitation,
870 3673 1024 3744 according
1036 3683 1066 3730 to
1078 3673 1123 3728 his
1137 3683 1257 3729 custom.

242 3758 254 3791 ²
271 3761 425 3831 lundensis,
439 3761 464 3816 ir
471 3771 522 3816 not
535 3779 553 3816 a
565 3762 686 3818 mistake
699 3763 731 3816 os
740 3764 788 3817 the
804 3762 924 3833 copyist,
937 3772 1013 3816 must
1026 3779 1111 3816 mean
1124 3760 1133 3790 ‘
1140 3778 1158 3816 a
1171 3778 1238 3816 man
1251 3760 1285 3815 of
1294 3761 1393 3830 Lund,'
1405 3760 1434 3816 in
1448 3761 1560 3832 Scania,

208 3848 257 3904 the
276 3849 411 3904 southern
430 3848 564 3920 province
585 3849 618 3904 ol
633 3849 763 3917 Sweden,
781 3851 845 3904 who
864 3849 921 3905 had
939 3849 1076 3905 travelled
1094 3865 1133 3918 up
1153 3857 1183 3903 to
1203 3849 1253 3904 the
1272 3858 1386 3920 oratory
1404 3848 1437 3903 os
1451 3849 1480 3905 S.
1495 3849 1566 3906 Olaf

208 3934 238 3996 in
250 3935 385 3994 southern
399 3938 532 4006 Norway.

243 4021 255 4053 ⁸
273 4022 436 4095 Ringgisair
445 4025 533 4094 ought
545 4033 576 4079 to
588 4023 625 4079 be
635 4023 744 4080 written
759 4024 918 4096 Ringisacn
929 4041 993 4079 now
1002 4023 1172 4094 Ringsalrer,
1182 4039 1200 4078 a
1211 4023 1308 4094 parish
1322 4023 1350 4078 in
1362 4023 1455 4080 North
1465 4025 1561 4081 Hede-

210 4111 336 4182 marken,
348 4129 418 4168 near
429 4114 478 4169 the
491 4112 555 4168 lake
569 4111 690 4168 Midsen.
728 4114 792 4171 The
804 4113 970 4184 altar-piece
983 4113 1016 4168 of
1025 4113 1074 4170 the
1087 4111 1194 4167 church
1208 4128 1265 4165 was
1278 4113 1363 4168 made
1376 4121 1404 4168 at
1418 4112 1561 4185 Antwerp.

208 4201 264 4256 See
279 4200 485 4269 Introduction,
499 4217 526 4272 p.
539 4215 581 4268 44.
1167 4197 1178 4229 ¹
1197 4199 1347 4256 Esthonia.
