3832 4760
450 409 607 468 L’.l.t‘.'()tl
597 409 700 464 ΙΙεΙ
725 409 824 465 1ΙΙ,ΙΙ
801 411 961 466 i'lff'Ll
997 411 1058 466 ΙΙΙ
1058 411 1136 466 ἸΙΙ
1169 413 1309 470 tlLrlf'l.
1518 418 1549 466 δι

204 637 262 703 set,
292 637 326 690 ut
356 628 399 690 rei
432 627 583 709 probauit
615 627 733 701 exitus,
759 630 800 690 ad
833 649 1007 708 prunorum
1041 629 1299 692 detrectationes
1331 629 1464 692 minime
1495 629 1553 691 cir·

203 757 402 829 cumspecta.
451 748 523 811 Hec
547 770 619 811 cum
641 750 786 830 quodam
809 751 960 812 sacerdot
948 759 981 811 te
1003 751 1144 830 anglic0,
1161 737 1216 831 qui
1242 751 1273 812 in
1296 751 1396 812 domo
1420 749 1553 812 fratrum

205 869 349 931 eiusdem
372 869 514 932 mulieris
531 871 694 947 manebat,
711 871 868 933 deuotam
890 870 1017 932 habens
1035 869 1202 934 familiarit
1189 870 1462 978 tatemfhonesto
1485 870 1555 932 zelo

205 991 309 1052 multa
333 990 439 1054 eidem
471 991 653 1055 contulerat
680 991 848 1055 beneficia.
897 993 1031 1056 Accidit
1059 1004 1117 1055 aut
1119 1013 1172 1054 ern
1206 1002 1241 1056 ut
1271 993 1313 1054 de
1341 991 1475 1054 muliere
1500 989 1555 1051 illa

202 1111 343 1194 suspicio
369 1113 498 1176 sinistra
521 1116 664 1177 oriretur.
712 1114 779 1178 Sed
808 1115 884 1196 quia
912 1136 1019 1178 senno
1045 1115 1151 1176 malus
1176 1123 1321 1177 mentem
1352 1109 1555 1175 audientium

202 1233 297 1297 facile
321 1233 406 1298 solet
434 1235 574 1310 inficere,
605 1246 738 1317 propter
768 1237 900 1298 assidua
927 1236 1091 1317 colloquia
1123 1236 1243 1298 insonti
1272 1233 1435 1298 sacerdoti
1460 1231 1556 1313 culpa

203 1355 364 1417 indicitur.
411 1356 541 1418 Fratres
557 1365 668 1418 autem
692 1357 761 1417 eius
783 1357 826 1417 ob
850 1376 1005 1436 magnam
1023 1329 1376 1470 familiaritatensslqua
1394 1352 1555 1416 sacerdoti

202 1475 374 1538 coniuncta
399 1475 512 1548 fuerat,
537 1475 628 1554 quasi
650 1475 692 1536 de
716 1495 750 1535 re
773 1475 861 1548 certi,
887 1484 919 1536 et
944 1495 1041 1555 supra
1068 1477 1205 1538 modum
1229 1453 1391 1557 indignati
1415 1484 1500 1548 sunt,
1521 1484 1554 1536 et

202 1592 307 1655 furore
355 1594 456 1654 nimio
499 1594 643 1656 succensi
685 1592 833 1655 dolorem
878 1613 973 1654 suum
1017 1594 1257 1657 dissimulando
1295 1604 1553 1676 suppresserunt.

204 1711 360 1792 Quadam
397 1733 475 1774 uero
512 1711 565 1774 die
599 1714 806 1774 sacerdotem
843 1712 941 1775 nichil
976 1713 1200 1792 suspicantem
1233 1713 1309 1775 mali
1344 1721 1492 1788 euocant,
1523 1722 1557 1774 et

204 1841 376 1914 assumpto
403 1832 547 1912 quodam
576 1833 695 1895 cliente
725 1854 794 1904 suo,
824 1832 1006 1914 iniquitatis
1034 1853 1134 1913 quam
1167 1841 1386 1913 conceperant
1416 1831 1557 1904 consci0,

203 1952 295 2033 quasi
328 1952 496 2016 cuiusdam
532 1951 656 2034 negocii
691 1953 799 2034 gracia
835 1973 946 2015 secum
982 1954 1162 2016 abducunt.
1210 1951 1294 2015 Cum
1330 1973 1407 2034 ergo
1442 1951 1557 2014 remoti

202 2073 301 2154 longe
317 2094 336 2136 a
354 2073 455 2136 domo
471 2094 528 2135 sua
546 2074 577 2135 in
600 2073 671 2135 loca
688 2074 866 2135 secreciora
889 2075 1110 2150 deuenissent,
1127 2074 1320 2156 arripientes
1340 2073 1556 2155 presbiterum

205 2192 303 2256 nichil
327 2193 394 2255 tale
417 2193 659 2270 formidantem,
676 2193 830 2275 frangunt
856 2194 884 2256 ci
910 2193 1017 2270 tibias,
1040 2195 1217 2257 abscidunt
1241 2195 1397 2276 linguam,
1415 2215 1434 2256 a
1451 2192 1558 2273 eapite

203 2313 315 2376 oculos
331 2325 456 2377 eruunt.
497 2314 648 2397 Denique
665 2335 739 2378 cum
758 2315 820 2392 ille,
833 2314 947 2378 dolore
964 2316 1092 2389 anxius,
1106 2315 1219 2396 lingue
1236 2314 1401 2376 residuum
1419 2333 1556 2376 mouens

203 2433 365 2498 balbutire
391 2435 563 2509 uideretur,
596 2436 790 2500 inuadeutes
818 2457 903 2514 eum,
932 2447 1062 2517 partem
1090 2436 1203 2517 lingue
1228 2456 1329 2518 quam
1362 2436 1557 2517 reliquerant

204 2553 379 2636 forcipibus
411 2555 635 2634 extrahentes,
663 2557 780 2620 iterum
812 2557 999 2633 abscidunt,
1031 2567 1065 2619 et
1097 2558 1217 2619 eodem
1248 2556 1412 2620 seminece
1443 2556 1557 2618 relicto

204 2675 235 2735 in
260 2676 397 2738 domum
421 2676 591 2739 cuiusdam
620 2679 819 2758 paupercule
844 2678 988 2739 mulieris
1012 2678 1054 2739 ab
1080 2678 1151 2758 ipsa
1175 2676 1328 2740 defertur.
1377 2677 1477 2739 Porro
1501 2675 1556 2738 ille

204 2803 333 2858 tantam
349 2806 509 2878 expertus
531 2797 759 2860 crudelitatem
775 2797 946 2860 hominum
963 2799 1006 2860 de
1022 2797 1136 2859 diuina
1153 2797 1330 2860 clementia
1346 2817 1412 2859 non
1429 2795 1558 2859 diffidit.

205 2914 273 2980 Ore
297 2924 419 2993 tacens,
442 2915 564 2981 deuoto
591 2918 689 2982 corde
717 2918 876 2982 efficatius
898 2918 1067 2999 loquitur;
1099 2937 1166 2999 quo
1190 2916 1357 2988 infirmior,
1381 2938 1422 2980 eo
1445 2915 1558 2979 fortior

205 3045 238 3100 et
269 3044 396 3118 potens,
421 3047 454 3100 et
483 3039 526 3101 ad
554 3037 734 3120 gloriosum
767 3039 933 3101 martirem
965 3038 1109 3115 olauum,
1140 3039 1183 3100 de
1212 3037 1304 3101 cuius
1335 3037 1459 3100 meritis
1488 3046 1557 3099 tam

205 3177 326 3240 magna
348 3157 509 3235 audierat,
525 3159 604 3222 totis
620 3159 786 3222 conuersis
803 3159 989 3241 precordiis,
1007 3159 1101 3221 illum
1118 3157 1180 3222 sibi
1197 3158 1339 3222 intanta
1360 3157 1557 3221 necessitate

206 3299 271 3343 non
294 3277 418 3354 deesse,
443 3298 509 3360 quo
534 3279 680 3343 miserior
704 3301 743 3342 eo
765 3280 990 3355 miserabilior,
1006 3300 1073 3361 quo
1098 3278 1204 3361 magis
1226 3277 1347 3341 anxius
1367 3297 1407 3340 eo
1428 3275 1558 3340 enixius

205 3401 363 3482 deposcit.
389 3375 422 3484 [-
421 3397 476 3462 Sic
500 3399 532 3461 in
560 3400 708 3464 oratione
740 3411 772 3462 et
799 3401 926 3480 gemitu
957 3409 990 3462 et
1017 3399 1219 3462 contricione
1246 3397 1354 3462 cordis
1381 3397 1558 3478 persistens

204 3541 302 3603 opem
327 3518 468 3584 martiris
489 3519 663 3600 implorare
687 3541 752 3582 non
773 3530 890 3592 cessat,
908 3519 1008 3602 miser
1032 3519 1242 3622 miseratione
1258 3517 1400 3600 dignus;
1424 3525 1556 3598 postero

204 3639 339 3703 tandem
371 3639 424 3701 die
454 3641 580 3721 soporis
610 3642 721 3721 quiete
754 3641 886 3704 resoluit
873 3649 935 3704 tur.
953 3624 1038 3702 *Et
1070 3617 1146 3703 ecce
1175 3639 1329 3720 apparuit
1363 3637 1393 3700 ei
1423 3647 1557 3700 sanctus

205 3759 324 3834 martir,
345 3758 457 3822 dicens
472 3779 508 3821 se
531 3759 664 3822 olauum
690 3782 769 3838 esse,
786 3781 885 3842 quem
903 3729 972 3824 tarri
989 3760 1113 3823 deuote
1130 3769 1164 3822 et
1187 3759 1313 3822 obnixe
1336 3757 1557 3821 inuocauerat

205 3879 336 3942 Deinde
358 3879 427 3941 eius
449 3879 562 3941 oculos
585 3888 618 3942 et
641 3880 749 3956 tibias,
771 3891 805 3945 et
828 3901 959 3963 queque
981 3881 1055 3943 loca
1079 3879 1191 3943 saucia
1212 3878 1336 3942 blanda
1358 3896 1457 3940 manu
1484 3897 1558 3959 per·

204 4009 358 4076 tractans
374 4000 519 4078 tandem,
535 4007 572 4063 ut
591 4001 633 4064 ad
649 4001 794 4084 linguam
813 4001 881 4064 eius
905 4021 1041 4064 manum
1066 4021 1162 4064 suam
1187 3999 1285 4077 misit,
1299 3999 1413 4082 lingue
1431 3998 1558 4062 radices

203 4129 297 4186 tanto
316 4120 463 4184 extraxit
486 4119 664 4198 conamine,
681 4131 727 4197 ut,
745 4123 847 4185 nimio
868 4121 983 4184 dolore
1005 4130 1150 4195 coactus,
1167 4120 1347 4184 clamorem
1372 4117 1556 4181 maximum

206 4241 359 4306 sacerdos
380 4242 554 4304 emitteret.
602 4241 690 4318 Ilico,
707 4252 781 4322 post
803 4242 983 4305 salutarem
1005 4250 1134 4304 tactum
1155 4233 1305 4318 martiris,
1323 4249 1392 4302 tam
1414 4239 1559 4322 grauiter

865 4370 892 4416 Μ
