3832 4760
350 368 383 424 7²
593 349 751 409 PASSIO
781 347 843 406 ET
865 347 1100 408 MIRACULA
1134 345 1276 404 BEATI
1303 345 1444 406 olam.

349 550 500 631 plissimo,
512 553 665 633 quamdiu
684 553 726 614 ibi
745 551 861 614 morari
879 551 991 628 uoluit,
1007 551 1138 614 habitus
1155 560 1214 614 cst.
1240 548 1324 614 Ubi¹
1342 571 1405 612 uon
1420 569 1523 632 paruo
1540 561 1690 634 tempore

348 672 540 751 demoratus,
556 673 727 738 honestam
745 675 811 737 uite
827 673 976 751 sormam,
992 684 1025 736 et
1040 694 1097 736 sue
1113 671 1286 754 religionis,
1298 673 1453 750 caritatis,
1466 673 1688 756 benignitatis,

345 809 378 864 et
399 802 557 882 patiencie
578 801 706 868 celebre
730 803 969 866 monimentum
992 801 1105 864 incolis
1128 801 1269 882 reliquit.
1315 799 1468 884 Denique
1491 799 1689 866 decoratus²

345 923 418 1003 igne
438 923 668 1004 persecutionis
691 934 725 986 et
748 922 847 1000 exilii,
862 922 1075 1004 acceptabilis
1097 922 1249 983 inuentus
1272 931 1305 984 et
1328 921 1474 997 idoneus,
1490 923 1546 1002 qui
1562 921 1689 986 maiora

322 1030 521 1106 ''certamina
562 1053 674 1124 posset
714 1043 883 1118 sustinere,
921 1041 1034 1102 diuino
1072 1040 1248 1126 inspiratus
1286 1039 1466 1126 instinctu,
1482 1017 1713 1136 peras-trecies

344 1163 423 1227 fines
446 1165 488 1227 ad
514 1163 644 1245 propria
670 1161 838 1225 remeauit.
884 1159 954 1222 Ubi
979 1158 1098 1221 collata
1122 1158 1184 1220 sibi
1210 1179 1231 1220 a
1257 1158 1393 1222 domino
1423 1160 1688 1228 habundantiore

342 1284 454 1364 gratia,
477 1305 497 1346 a
520 1281 630 1345 multis
653 1301 726 1343 cum
751 1299 872 1362 magno
894 1289 1064 1360 susceptus
1090 1277 1263 1356 desiderio,
1285 1277 1453 1358 graciosus
1475 1289 1509 1342 et
1532 1281 1688 1362 optabilis

341 1405 441 1482 bonis,
457 1403 617 1466 uerendus
632 1421 670 1466 ac
686 1400 837 1465 terribilis
852 1401 1004 1484 apparuit
1023 1419 1101 1464 sane
1123 1398 1271 1464 doctrine
1294 1399 1499 1463 aduersariis.
1546 1399 1688 1466 Indutus

343 1525 439 1606 igitur
453 1523 551 1588 lorica
567 1522 651 1595 fidei,
667 1533 701 1587 et
715 1521 879 1586 accinctus
895 1521 1007 1605 gladio
1030 1522 1170 1604 spiritus
1185 1522 1275 1603 quod
1297 1531 1348 1584 est
1364 1522 1502 1584 uerbum
1526 1523 1579 1586 dei
1590 1521 1611 1601 ³,
1626 1543 1687 1605 per

341 1643 504 1706 infamiam
531 1654 564 1707 et
594 1644 715 1707 bonam
746 1642 879 1721 samam,
909 1663 968 1725 per
993 1642 1131 1724 gloriam
1163 1652 1196 1704 et
1227 1641 1478 1724 ignobilitatem,
1508 1663 1567 1725 per
1591 1665 1685 1710 arma

339 1765 462 1828 iusticie
477 1787 496 1827 a
512 1765 637 1827 dextris
660 1773 693 1827 et
715 1785 735 1826 a
758 1763 894 1826 sinistris
905 1761 927 1840 ⁴,
942 1774 1053 1825 orator
1069 1762 1219 1844 egregius
1241 1761 1319 1825 fidei
1342 1764 1480 1826 uerbum
1495 1775 1685 1831 constanter

341 1884 460 1964 ubique
476 1884 710 1946 disseminabat
730 1884 762 1944 in
779 1882 840 1959 uia,
856 1891 990 1962 paratus
1006 1902 1065 1962 pro
1084 1881 1411 1991 christopquaslibet⁵
1430 1885 1684 1964 persecutiones.

341 2001 512 2068 Obiciebat
533 2025 569 2066 se
589 2014 706 2083 sponte
722 2001 880 2083 periculis
897 2003 1087 2079 martirium,
1106 2001 1132 2063 si
1154 2003 1218 2064 deo
1233 2001 1421 2084 placuisset,
1437 2005 1602 2086 suscipere
1617 2028 1682 2070 non

339 2141 498 2186 recusans.

427 2241 471 2306 Et
498 2242 675 2324 quoniam⁶
698 2243 817 2326 dignus
840 2253 891 2307 est
914 2243 1081 2324 operarius
1113 2245 1265 2306 mercede
1295 2264 1363 2322 sua,
1386 2245 1522 2308 tandem
1546 2247 1682 2312 domino

251 2380 258 2400 ⁴
338 2363 459 2447 placuit
487 2364 671 2446 agonistam
702 2385 797 2427 suum
819 2365 862 2428 de
885 2384 1014 2428 carcere
1042 2365 1148 2428 carnis
1171 2366 1318 2441 educere,
1340 2372 1377 2427 ut
1397 2364 1621 2446 plenissimam
1648 2379 1682 2432 et

336 2483 679 2567 superhabundantem
702 2484 852 2548 laborum
875 2506 1008 2548 suorum
1033 2487 1191 2568 reciperet
1213 2485 1409 2564 mercedem,
1428 2496 1462 2550 et
1485 2506 1597 2568 regem
1620 2508 1681 2558 rex

336 2605 461 2670 uideret
487 2607 518 2668 in
543 2607 660 2670 decore
690 2626 750 2669 suo
759 2605 780 2668 ⁷.
827 2604 911 2668 Erat
938 2608 1081 2686 quedam
1104 2626 1181 2688 pars
1204 2605 1290 2668 illius
1312 2615 1407 2683 terre,
1430 2607 1463 2669 in
1486 2626 1552 2688 qua
1579 2609 1681 2672 modo

335 2727 587 2790 sacratissimum
610 2696 819 2809 corpmeius
842 2727 1023 2808 requiescit,
1038 2727 1128 2790 cuius
1151 2726 1257 2790 incole
1280 2726 1421 2789 indurati
1442 2737 1476 2791 et
1495 2727 1679 2810 pertinaces

334 2846 367 2909 in
391 2847 517 2911 malicia
543 2867 610 2924 sua,
633 2845 790 2918 ueritatis,
821 2855 855 2910 et
888 2847 964 2910 ideo
991 2847 1084 2930 regiS,
1108 2846 1222 2910 hostes
1248 2856 1341 2911 erant
1363 2847 1593 2913 inexorabiles.
1639 2849 1678 2913 In

334 2968 417 3032 hanc
437 2969 526 3031 uenit
541 2967 740 3050 prouinciam
757 2965 868 3031 christi
888 2967 1003 3031 martir
1017 2967 1101 3032 sorte
1117 2968 1171 3030 dei
1186 2968 1327 3049 gratiam
1350 2967 1481 3050 populis
1503 2970 1678 3034 incredulis

334 3087 565 3170 predicaturus.
602 3086 686 3170 'Quo
711 3095 882 3176 comperto
909 3088 1057 3172 ueritatis
1079 3086 1481 3170 hostesconuocauerunt
1502 3089 1677 3168 concilium

315 3206 519 3300 iniquitatis,
548 3216 582 3270 et
618 3217 841 3284 conuenerunt
870 3207 904 3269 in
934 3225 1036 3269 unum
1052 3208 1223 3302 saduersus
1252 3208 1424 3270 dominum
1455 3218 1490 3272 et
1518 3210 1678 3274 aduersus

332 3328 486 3393 christum
509 3326 578 3418 eius
587 3325 609 3410 ⁸,
653 3326 736 3401 Erat
759 3348 902 3412 namque
925 3326 1182 3410 eiusl'salutifera
1204 3327 1385 3411 predicatio
1407 3327 1494 3410 ipsis'
1507 3340 1542 3395 et
1562 3315 1675 3395 eorum

333 3449 484 3532 operibus
499 3447 595 3512 ualde
609 3449 779 3512 contraria.
826 3419 1078 3536 Undegquidam
1095 3470 1139 3512 ex
1156 3449 1202 3512 eis
1218 3448 1517 3524 cuiusdamcnuti⁹
1532 3451 1603 3516 eius
1617 3453 1675 3516 ad·

366 3716 374 3748 ¹
395 3717 437 3772 Ibi
450 3718 480 3772 S.
663 3715 674 3747 ²
695 3716 829 3772 decoctus
841 3719 874 3772 S.
911 3719 950 3773 So
962 3719 1023 3773 also
1036 3718 1064 3772 in
1083 3719 1169 3773 Brev.
1183 3718 1322 3772 Aberdon.
1337 3717 1375 3787 iii,
1388 3733 1436 3774 see
1449 3719 1600 3789 Appendix
1616 3737 1638 3776 r.

365 3803 376 3835 ³
395 3803 544 3875 Ephesvi.
556 3817 596 3870 17.
782 3803 793 3834 ⁴
812 3819 827 3858 2
843 3805 905 3860 Cor.
917 3804 953 3861 vi.
965 3807 991 3860 8.
1176 3803 1188 3836 ⁸
1207 3807 1240 3859 ln
1254 3806 1295 3876 S,
1308 3804 1366 3877 pati
1380 3805 1476 3861 before
1489 3807 1637 3877 quaslibet

364 3891 467 3947 ‘Sect
479 3907 503 3961 9
516 3893 549 3945 S.
848 3888 859 3922 l
879 3892 974 3948 lsaiah
987 3891 1078 3950 xxxiii.
1092 3907 1131 3961 17.
1219 3885 1221 3888 ’
1433 3890 1445 3923 ⁸
1461 3895 1532 3949 Acts
1545 3893 1581 3950 iv.
1594 3895 1635 3950 26.

364 3977 375 4009 '
392 3978 462 4033 Tuis
481 3977 601 4033 ‘certain
618 3978 707 4032 Cnut'
719 3995 777 4033 was
794 3980 904 4036 Canute
922 3981 971 4034 the
988 3981 1083 4036 Great.
1120 3981 1206 4036 Hom.
1226 3980 1297 4051 (149.
1311 3979 1338 4050 7)
1356 3979 1437 4049 adds,
1456 3979 1560 4036 ‘Their
1577 3981 1673 4036 leader

330 4083 385 4122 was
404 4065 480 4121 Callr
496 4067 644 4120 Amason!
683 4065 847 4122 Theodon'ci
862 4067 1001 4123 Monachr'
1017 4068 1150 4122 Historia
1168 4069 1202 4124 de
1219 4067 1403 4139 Antiquitate
1420 4068 1529 4141 Regum
1549 4069 1675 4124 Nerua-¹

324 4156 465 4226 gr'ensium
480 4155 514 4222 (c.
527 4151 582 4221 xix)
596 4152 668 4208 adds
680 4155 741 4209 also
754 4155 802 4209 the
815 4171 899 4212 name
912 4156 945 4209 os
953 4154 1055 4209 Thorir
1069 4156 1166 4210 Hund.
