3832 4760
314 338 367 392 118
820 336 845 394 Α
851 335 1062 396 ΡΡΕΝΒΙΧ
1085 339 1128 399 ΙΙ.

312 519 363 571 lete
376 537 450 588 spem
463 519 573 572 victorie
587 529 612 572 et
625 517 754 587 triumphi
767 519 808 571 sui
824 519 850 573 in
862 520 968 574 christo
983 520 1051 588 iesu,
1062 521 1108 592 qui
1123 539 1174 592 pro
1188 540 1222 577 eo
1235 523 1428 594 turpissimam
1440 543 1523 597 quam
1535 543 1650 582 narrare

313 608 381 673 phas
403 619 443 660 est
466 605 574 676 pertulit
600 617 726 674 mortem,
750 606 941 661 indubitanter
963 625 1082 678 ponens,
1101 621 1187 680 atque
1209 628 1273 665 cum
1295 612 1497 668 iucundissimo
1517 625 1545 668 et
1567 615 1648 669 hilari

310 695 391 760 vultu,
406 706 535 764 tanquam
549 710 667 764 sponsus
686 693 721 746 ad
739 694 865 763 nupcias,
879 695 1000 750 inimicis
1013 697 1110 752 christi
1130 709 1157 754 et
1178 698 1243 754 fidei
1257 717 1308 755 sue
1326 711 1353 756 et
1372 701 1451 770 regni
1470 702 1512 756 sui
1532 701 1649 756 tuicioni

309 781 419 836 obuiam
444 781 524 836 venit.
563 781 774 851 Conspiratores
796 799 863 835 vero
885 782 974 852 ipsius
992 800 1058 838 eum
1080 785 1208 854 protinus
1227 787 1365 858 videntes,
1385 789 1424 844 uti
1448 807 1534 844 canes
1556 789 1649 861 rapidi

309 869 397 923 furore
416 880 443 924 et
465 869 606 923 iracundia
627 869 763 934 succensi,
782 867 810 922 in
831 879 947 924 unctum
969 887 1052 924 suum
1072 889 1168 942 regem
1187 885 1423 946 mansuetumque
1442 887 1470 931 et
1491 877 1570 947 pium
1589 895 1648 932 non

310 956 488 1011 formidantes
506 955 733 1026 sanguinolentas
747 954 901 1010 iniecerunt
922 973 1032 1024 manus,
1049 967 1077 1012 et
1096 958 1247 1012 crudeliter
1264 960 1373 1014 bellicis
1392 962 1478 1016 armis
1497 964 1600 1032 gladiis
1619 974 1649 1019 et

308 1043 423 1097 fustibus
448 1043 636 1098 crudelissime
661 1043 797 1096 dederunt
822 1041 894 1108 neci,
920 1053 948 1096 et
974 1043 1125 1098 tenerimas
1151 1061 1217 1100 suas
1243 1045 1414 1102 delaniando
1439 1066 1539 1104 carnes
1564 1068 1649 1106 roseo

307 1131 439 1200 sanguine
452 1129 680 1185 candidissimum
693 1129 889 1198 corpusculum
902 1128 1082 1186 maduerunt.

377 1220 462 1272 Lacr.
482 1220 514 1271 V.
550 1215 725 1270 Abeuntibus
742 1226 836 1269 autem
854 1213 1007 1284 lictoribus,
1021 1215 1141 1271 ministri
1159 1217 1235 1272 beati
1250 1219 1334 1273 Olaui
1348 1237 1450 1290 corpus
1464 1237 1538 1291 aqua
1550 1222 1650 1293 tepida

306 1307 437 1374 lauerunt,
450 1317 477 1360 et
495 1306 634 1374 sepulture
653 1302 805 1356 honorifice
824 1301 1006 1358 tradiderunt
1048 1305 1180 1375 Casuque
1193 1305 1306 1374 accidit,
1319 1323 1383 1360 cum
1396 1307 1494 1376 tepida
1507 1308 1555 1363 illa
1573 1326 1650 1379 aqua

306 1393 437 1460 sanguine
456 1393 541 1446 mixta
559 1392 594 1444 de
613 1390 717 1443 foribus
736 1389 845 1458 domus,
865 1389 893 1444 in
913 1407 969 1460 qua
988 1390 1108 1446 ministri
1128 1391 1213 1447 cum¹
1233 1393 1377 1463 lauabant,
1397 1394 1489 1450 eiecta
1508 1395 1649 1466 extiterat,

305 1498 386 1534 cecus
403 1480 430 1534 in
448 1480 546 1534 eodem
559 1478 713 1547 prolapsus,
727 1475 830 1531 inuitus
848 1495 1031 1548 quamquam,
1044 1480 1142 1533 oculos
1161 1497 1228 1535 suos
1247 1481 1350 1536 eodem
1369 1482 1506 1550 sanguine
1525 1492 1553 1538 et
1572 1499 1649 1554 aqua

306 1567 438 1634 deliniuit,
457 1567 529 1620 unde
549 1565 622 1618 illico
640 1564 710 1619 visui
729 1564 836 1620 meritis
855 1565 931 1620 beati
952 1565 1002 1620 viri
1022 1566 1168 1622 restitutus
1187 1578 1240 1624 est.
1290 1571 1424 1640 Namque
1443 1569 1648 1641 diuulgatoque

306 1655 437 1708 miraculo
450 1653 562 1723 quidam
575 1650 718 1707 asclauus²
731 1652 826 1720 lingua
844 1669 895 1722 per
907 1652 1037 1708 inimicos
1057 1671 1123 1708 suos
1137 1655 1250 1711 abscisa
1265 1657 1381 1712 beatum
1395 1659 1518 1713 Olauum
1532 1659 1649 1714 assidue

306 1743 388 1795 corde
401 1751 427 1795 et
446 1752 538 1794 mente
557 1740 776 1809 deprecabatur3
795 1739 979 1810 orationeque
999 1742 1083 1809 facta,
1096 1741 1215 1810 pristine
1234 1744 1345 1813 loquele
1363 1745 1484 1816 adeptus
1497 1755 1540 1800 est
1554 1763 1647 1802 usum.

307 1829 358 1896 Qui
374 1829 399 1881 in
413 1827 530 1882 ecclesia
543 1837 640 1896 postea
653 1836 787 1895 perpetuo
800 1844 831 1879 se
848 1825 926 1881 dedit
947 1827 1148 1897 mancipatum.
1189 1829 1348 1900 Mulierque
1361 1831 1496 1886 deformis
1513 1831 1647 1887 manibus

306 1928 332 1968 et
346 1915 461 1982 pedibus
474 1914 592 1968 inuicem
606 1913 770 1966 coadunatis
784 1913 890 1967 meritis
903 1913 980 1968 beati
994 1915 1078 1968 Olaui
1093 1924 1171 1969 recta
1183 1925 1211 1970 et
1225 1932 1299 1986 equa
1311 1915 1414 1972 effecta
1426 1928 1500 1974 sunt.

376 2003 463 2054 Lacr.
483 2002 532 2054 Vl.
570 2000 690 2068 Quidam
715 1999 801 2053 etiam
827 1999 1083 2070 constantinopolis
1109 2001 1262 2072 imperator
1287 2003 1453 2073 catholicus,
1476 2003 1547 2062 inito
1571 2005 1649 2060 bello

305 2088 437 2140 aduersus
456 2103 547 2154 regem
562 2087 701 2156 quendam
721 2103 904 2154 paganorum,
917 2087 953 2140 de
972 2105 1068 2157 pugna
1087 2088 1199 2158 dubius,
1213 2090 1298 2144 beato
1318 2091 1412 2144 Olauo
1430 2109 1494 2146 cum
1514 2091 1648 2148 omnibus

305 2174 361 2227 suis
374 2175 488 2228 deuotas
502 2173 556 2226 illic
569 2173 596 2226 in
614 2173 674 2227 acie
691 2172 849 2228 constrictis
862 2173 1021 2229 effuderunt
1041 2191 1149 2244 preces,
1162 2186 1192 2230 ut
1211 2193 1262 2246 pro
1275 2178 1430 2232 eorundem
1443 2178 1547 2234 auxilio
1560 2180 1646 2234 deum

304 2263 414 2315 assidue
432 2261 632 2330 deprecaretur,
646 2276 698 2314 nec
717 2277 795 2314 mora
814 2262 870 2316 ulla
889 2271 1035 2316 contracta
1054 2263 1154 2317 beatus
1168 2264 1277 2318 Olauus
1294 2273 1324 2318 ut
1337 2263 1454 2334 signifer
1466 2266 1648 2336 imperatoris

305 2349 452 2403 exercitum
477 2347 625 2418 precedere
647 2347 722 2402 visus
742 2357 784 2401 est
809 2365 827 2402 a
848 2347 951 2416 multis,
974 2349 1050 2404 unde
1072 2349 1147 2405 illico
1169 2351 1273 2420 pagani
1293 2369 1393 2407 omnes
1413 2352 1440 2406 in
1463 2353 1560 2423 fugam
1579 2371 1648 2408 con-

304 2448 452 2491 uertuntur.
488 2439 524 2490 Et
544 2435 667 2490 seruituti
691 2436 867 2504 imperatoris
886 2437 992 2491 redacti
1013 2448 1087 2504 sunt,
1105 2448 1134 2492 et
1159 2438 1313 2508 gloriosum
1337 2457 1372 2494 ex
1397 2439 1506 2497 eisdem
1530 2441 1647 2496 sortitus

304 2537 344 2580 est
356 2525 522 2594 triumphum
535 2533 562 2578 et
575 2523 689 2578 victorie
701 2525 837 2593 palmam.¹

374 2613 419 2665 No
434 2612 561 2666 Lections
575 2611 602 2665 in
615 2611 670 2666 this
684 2611 818 2681 Breviary
830 2628 867 2666 on
882 2613 923 2668 St.
937 2612 1026 2667 Olaf's
1040 2613 1104 2683 day,
1116 2613 1183 2684 July
1196 2629 1239 2682 ²9·

942 2961 993 3032 Il.

795 3199 824 3252 S.
846 3197 1028 3265 MAGNUS,
1048 3213 1074 3266 p.
1089 3210 1133 3264 ³4.

369 3357 409 3408 As
429 3354 512 3408 much
529 3352 632 3408 mental
650 3351 797 3408 confusion
816 3351 937 3422 prevails
957 3351 985 3406 in
1004 3360 1115 3421 respect
1129 3358 1159 3404 to
1174 3349 1230 3405 this
1244 3349 1334 3420 Saint,
1348 3360 1377 3405 to
1391 3351 1485 3405 whom
1503 3351 1643 3408 churches
1674 3407 1676 3410 .

303 3459 372 3498 were
396 3441 551 3510 dedicated,
572 3451 620 3496 not
641 3442 708 3510 only
727 3439 755 3494 in
778 3440 894 3508 Orkney
912 3439 968 3495 and
994 3437 1143 3506 Shetland,
1162 3437 1212 3492 but
1234 3456 1305 3493 even
1329 3437 1357 3491 in
1381 3439 1511 3504 London,
1530 3455 1555 3494 e.
1562 3457 1590 3509 g.
1613 3441 1643 3495 S.

303 3531 422 3600 Magnus
435 3531 481 3584 the
496 3531 611 3598 hlartyr,
624 3539 652 3582 at
665 3529 713 3582 the
723 3527 781 3582 foot
794 3526 827 3581 of
837 3527 956 3581 London
970 3526 1084 3595 Bridge,
1098 3525 1118 3580 it
1131 3525 1187 3578 will
1205 3536 1255 3580 not
1271 3525 1308 3580 be
1321 3535 1369 3579 out
1387 3525 1420 3579 of
1434 3527 1515 3596 place
1527 3527 1594 3581 here
1613 3537 1643 3582 to

300 3618 387 3670 throw
399 3633 477 3671 some
489 3617 558 3685 light
572 3633 646 3686 upon
662 3616 711 3670 the
723 3615 832 3684 subject
845 3603 877 3668 as
889 3631 944 3668 one
957 3613 1023 3668 akin
1037 3625 1067 3666 to
1080 3614 1128 3668 the
1141 3612 1219 3666 main
1232 3611 1309 3682 topic
1322 3611 1355 3666 of
1369 3612 1426 3667 this
1439 3613 1525 3668 work
1563 3613 1590 3666 If
1600 3631 1642 3669 we

214 3734 216 3737 s
300 3705 364 3758 look
373 3704 431 3759 into
440 3705 487 3758 the
499 3713 617 3758 account
629 3703 662 3756 of
670 3703 719 3758 the
729 3701 910 3770 Bollandists,
920 3717 961 3755 we
971 3701 1043 3754 shall
1054 3700 1113 3754 find
1123 3700 1185 3754 that
1195 3699 1275 3754 there
1288 3717 1361 3755 were
1370 3717 1438 3769 very
1447 3717 1535 3770 many
1545 3701 1641 3756 Saints
1691 3743 1697 3752 .

299 3792 333 3844 of
340 3791 395 3845 this
407 3808 498 3846 name
539 3792 631 3845 There
644 3805 700 3844 was
714 3807 731 3844 a
745 3791 774 3845 S.
789 3791 913 3858 Magnus
932 3787 1040 3858 Bishop
1053 3787 1086 3841 of
1093 3785 1235 3856 Anagnia,
1252 3787 1310 3841 and
1323 3804 1340 3842 a
1353 3787 1382 3841 S.·
1397 3789 1521 3856 Magnus
1534 3787 1643 3859 Bisbop

299 3878 331 3931 of
341 3880 478 3933 Caesarea
490 3877 518 3932 in
532 3877 720 3948 Cappadocia,
734 3877 797 3931 who
809 3875 934 3931 suffered
953 3875 981 3930 in
996 3876 1138 3930 Caesarea
1156 3885 1219 3929 an.
1232 3873 1293 3943 276,
1305 3873 1397 3929 under
1414 3874 1576 3930 Alexander
1594 3875 1643 3931 the

299 3965 461 4032 Governor;
479 3965 549 4034 who,
561 3964 632 4020 after
643 3966 679 4020 he
692 3965 749 4019 had
762 3963 887 4035 exposed
899 3961 956 4018 this
972 3963 1038 4031 boly
1050 3971 1167 4030 martyr,
1179 3961 1223 4014 for
1234 3959 1360 4031 refusing
1372 3970 1402 4016 to
1411 3961 1538 4017 sacrifice
1550 3971 1581 4017 to
1593 3964 1642 4018 the
1720 4035 1721 4038 Ἴ

299 4069 390 4122 pagan
408 4052 487 4124 gods,
504 4053 583 4108 twice
600 4063 630 4106 to
648 4069 666 4107 a
684 4052 752 4122 fiery
770 4053 886 4107 furnace
904 4061 934 4106 to
952 4050 989 4105 be
1007 4047 1165 4104 consumed
1184 4047 1213 4102 in
1232 4049 1282 4104 the
1298 4048 1407 4118 flames,
1420 4047 1510 4104 thrice
1528 4057 1558 4104 to
1577 4049 1643 4104 wild

363 4184 370 4210 ι
389 4184 404 4231 ἰ,
417 4200 437 4233 θ’
451 4199 513 4233 Μ,
677 4192 682 4201 -
1103 4179 1114 4207 ²
1130 4177 1186 4226 The
1198 4186 1251 4228 true
1263 4178 1367 4244 reading
1378 4179 1400 4227 is
1411 4184 1441 4228 ‘a
1454 4175 1566 4229 Soloeis·
