3832 4760
368 362 420 414 116
603 359 757 419 PASSIO
785 359 849 416 ET
871 358 1110 418 MIRACULA
1144 359 1288 418 BEATI
1315 359 1461 418 OLAUI.

363 569 544 634 hominibus
573 592 736 655 apparere.
783 575 848 638 Hic
878 584 1001 646 autem,
1026 596 1101 638 cum
1134 597 1233 658 super
1264 596 1402 658 puerum
1431 575 1560 638 medius
1591 581 1705 646 staret,

363 691 489 772 signum
511 695 611 757 crucis
632 715 728 777 super
742 715 849 778 genua
865 698 935 758 eius
950 696 1037 772 lecit,
1053 707 1086 759 et
1103 696 1264 761 inclinans
1278 717 1315 761 se
1331 698 1364 760 in
1381 696 1499 760 eadem
1517 693 1706 767 insufflanit,

364 830 494 874 manum
510 834 586 878 uero
605 835 702 898 super
716 816 856 880 frontem
876 817 946 879 eius
969 818 1089 897 posuit,
1105 826 1139 880 et
1160 817 1321 881 excitauit
1339 817 1441 891 illum,
1457 816 1592 880 dicens:
1617 813 1706 877 Ecce

362 931 426 994 iam
451 953 547 997 sanus
572 934 675 999 lactus
702 958 745 1014 es,
768 935 833 1000 noli
861 935 1015 1010 dormire,
1038 956 1136 1017 surge
1159 937 1327 1000 uelociter.
1373 936 1419 1000 Et
1443 935 1600 1000 continuo
1623 953 1706 1017 puer

362 1052 516 1134 euigilans
540 1057 666 1136 aperuit
691 1055 803 1118 oculos
828 1076 914 1132 suos,
941 1065 975 1118 et
1000 1055 1083 1117 uidit
1111 1054 1219 1118 lucem
1250 1075 1417 1137 magnam,
1442 1075 1507 1136 que
1534 1054 1568 1116 in
1598 1054 1702 1117 domo

362 1170 473 1250 suerat,
488 1173 644 1255 paulatim
665 1183 740 1255 post
762 1175 936 1238 abcessum
959 1175 1063 1237 sancti
1087 1175 1146 1236 uiri
1169 1175 1334 1238 recedere.
1378 1173 1528 1237 Territus
1542 1182 1657 1236 autem
1672 1181 1706 1234 et

363 1292 568 1358 tremefactus
589 1303 686 1368 totus,
705 1293 847 1357 clamare
862 1296 958 1376 cepit,
977 1303 1010 1357 et
1026 1315 1091 1375 que
1110 1295 1172 1358 sibi
1191 1303 1372 1358 euenerant
1390 1292 1451 1367 his,
1471 1293 1528 1374 qui
1549 1311 1625 1355 cum
1648 1289 1706 1353 illo

362 1425 461 1490 erant,
477 1414 597 1496 exponi
615 1414 775 1496 cupiebat.
819 1414 869 1478 At
892 1416 952 1478 uiri
975 1417 1079 1480 sancti
1101 1415 1277 1480 uerborum
1297 1435 1363 1478 non
1382 1413 1566 1489 immemor,
1588 1431 1706 1474 manus

362 1551 435 1594 suas
449 1533 492 1596 ad
513 1554 551 1596 ea
570 1533 639 1598 loca
662 1536 816 1616 porrexit,
832 1538 953 1618 quibus
972 1537 1131 1600 contracti
1154 1546 1255 1600 antea
1278 1535 1431 1600 solebant
1454 1533 1570 1598 herere
1592 1532 1706 1614 pedes·

362 1649 445 1714 Cum
469 1654 588 1718 ibidem
612 1676 667 1719 eos
689 1656 841 1754 herentes
863 1677 928 1720 non
952 1659 1139 1734 inuenisset,
1158 1659 1200 1721 de
1224 1655 1447 1720 misericordia
1469 1655 1533 1731 dei,
1557 1664 1592 1718 et
1613 1653 1704 1716 beati

361 1771 446 1834 olaui
468 1777 600 1850 meritis,
618 1779 659 1839 ad
680 1779 770 1840 cuius
792 1777 905 1840 limina
928 1789 1072 1852 uenerat,
1097 1777 1280 1840 maximam
1304 1775 1542 1840 confidentiam
1564 1773 1703 1848 habens,

360 1892 445 1970 cepit
461 1914 495 1956 se
510 1896 640 1976 erigere,
657 1907 690 1959 et
704 1917 801 1958 sanus
817 1897 922 1960 lactus
945 1918 1044 1978 supra
1064 1898 1167 1977 pedes
1183 1917 1260 1959 suos
1276 1898 1378 1967 stetit,
1394 1906 1428 1958 et
1445 1895 1624 1956 immensas
1639 1894 1705 1956 deo

360 2012 480 2090 gratias
495 2032 594 2093 agens
606 2014 705 2078 libere
717 2015 907 2091 ambulauit‚
921 2028 954 2080 et
970 2018 1131 2090 omnibus,
1145 2018 1201 2098 qui
1217 2017 1249 2078 in
1266 2015 1384 2078 eadem
1396 2015 1499 2077 domo
1511 2012 1703 2087 manebant,

362 2149 425 2210 que
454 2144 546 2212 gesta
575 2145 650 2197 suut
680 2135 878 2216 explanauit.
925 2135 1025 2198 Mane
1055 2135 1153 2211 sactu,
1184 2145 1261 2217 post
1291 2136 1465 2197 missarum
1498 2132 1704 2214 sollempnia,

360 2249 492 2315 domino
512 2252 677 2336 largiente,
700 2255 875 2338 completa,
898 2258 953 2338 qui
977 2257 1117 2320 triennio
1139 2255 1245 2320 suerat
1269 2256 1301 2318 in
1324 2264 1419 2318 tanta
1441 2254 1573 2317 miseria
1595 2252 1702 2316 morbi

360 2369 519 2452 detentus,
535 2384 570 2436 ut
585 2393 676 2438 crura
691 2376 759 2440 eius
774 2385 808 2440 et
823 2377 926 2458 pedes
942 2377 1073 2440 natibus
1092 2375 1353 2459 inseparabiliter
1367 2373 1573 2451 adhererent,
1587 2373 1702 2436 diuino

359 2491 513 2556 miraculo
537 2494 704 2574 resolutus,
727 2507 760 2561 et
781 2496 991 2579 integerrime
1020 2517 1120 2562 sanus
1150 2495 1267 2570 sactus,
1291 2495 1395 2560 libere
1416 2514 1483 2577 quo
1505 2492 1611 2558 uoluit
1632 2493 1701 2555 suis

356 2612 695 2693 pedibusambulauit.
1229 2609 1238 2618 ’
