3830 4766
463 371 620 430 l’.·lSSl()
652 371 714 428 ET
737 368 974 429 Mllrncffl
1010 371 1093 427 ΒΕΑ
1106 371 1151 428 TI
1179 372 1321 431 OLAUI.
1515 398 1564 435 ιιι

218 591 300 668 cepit
319 589 499 669 clllagitare
523 590 709 670 precordiis.
758 587 882 650 Profert
905 598 1020 650 uotum
1045 599 1078 651 ct
1099 590 1272 654 confirmat
1296 604 1340 670 ut,
1364 595 1389 655 si
1413 596 1568 658 diuinitus

218 711 330 790 respici
356 713 517 786 meruerit,
534 721 567 771 et
589 711 792 789 baptismum
812 709 988 789 suscipere,
1005 723 1039 773 et
1056 713 1197 774 martiris
1217 713 1398 792 ecclesiam,
1414 728 1567 797 quamto-

217 831 281 892 tius
303 832 458 911 potuerit,
475 831 616 894 uisitare.
663 829 815 910 Cumque
838 849 874 892 se
890 831 956 893 deo
971 841 1005 892 et
1026 833 1150 894 martiri
1174 853 1232 914 per
1248 844 1363 897 uotum
1380 837 1567 918 obligasset,

218 951 321 1012 morbi
346 951 478 1014 uinculo
501 951 628 1014 absolui
656 953 847 1034 promeruit.
894 953 983 1015 Nam
1012 955 1129 1016 erectis
1156 954 1265 1036 tybiis,
1290 956 1479 1039 uiribusque
1501 958 1567 1022 col-

217 1070 315 1148 lectis,
348 1074 418 1136 uoti
451 1093 515 1136 non
546 1075 721 1136 immemor
755 1073 799 1136 ad
830 1074 986 1156 baptismi
1016 1077 1158 1158 gratiam
1189 1075 1341 1142 alacriter
1370 1079 1568 1144 conuolauit.

217 1191 290 1275 Qua
313 1205 477 1277 percepta,
499 1196 543 1259 ad
567 1196 751 1259 reddendas
779 1215 839 1276 pro
865 1207 1020 1278 suscepta
1043 1199 1184 1261 sanitate
1207 1199 1387 1279 gratiarum
1412 1202 1567 1276 actiones,

216 1317 355 1378 martiris
370 1317 550 1378 oratorium
566 1336 641 1378 cum
664 1317 784 1378 uotiuis
805 1317 888 1396 petit
911 1317 1143 1392 oblationibus,
1161 1320 1216 1381 ubi
1233 1340 1307 1382 cum
1330 1320 1504 1385 christiane
1519 1342 1568 1385 re-

215 1435 343 1516 ligionis
382 1436 508 1499 cultum
540 1445 634 1497 tanta
667 1436 771 1516 gloria
802 1435 927 1497 feruere
959 1437 1139 1511 miraretur,
1170 1460 1210 1502 eo
1250 1441 1394 1521 amplius
1431 1442 1463 1504 in
1502 1443 1568 1505 fide

215 1555 382 1627 solidatur,
414 1575 490 1634 qu0,
522 1556 594 1634 ipso
626 1555 756 1626 intuitu,
788 1553 830 1616 de
860 1557 1004 1634 suscepti
1037 1556 1145 1618 cultus
1175 1569 1209 1620 et
1240 1559 1342 1622 relicti
1374 1563 1568 1642 disparitate

216 1677 417 1737 certioratur.
472 1673 663 1753 Degustans
694 1675 806 1753 itaque
844 1676 934 1754 quod
973 1675 1085 1736 suauis
1116 1677 1158 1738 sit
1187 1677 1349 1755 dominus,
1380 1690 1414 1742 et
1450 1682 1567 1744 beatus

217 1796 271 1874 qui
295 1803 407 1874 sperat
430 1793 461 1854 in
486 1812 526 1854 eo
538 1791 558 1867 ¹,
578 1791 744 1854 christiani
770 1794 892 1875 captiui
912 1795 1049 1856 domum
1074 1797 1217 1871 ueniens,
1240 1797 1500 1879 redemptionem
1525 1803 1568 1864 de

218 1935 314 1976 manu
339 1933 543 1995 paganorum
567 1913 664 1994 priori
686 1914 914 1994 superaddidit
937 1925 1026 1992 uot0,
1046 1925 1088 1994 et,
1104 1917 1194 1998 quod
1219 1918 1324 1980 maius
1347 1928 1406 1996 est,
1425 1921 1567 1984 cuicum-

215 2056 278 2116 que
308 2034 502 2116 lugicntium
533 2033 786 2096 christianorum
815 2035 858 2097 de
889 2056 1094 2117 paganorum
1126 2039 1284 2102 seruitute
1314 2041 1403 2121 apud
1437 2061 1481 2120 se,
1508 2063 1567 2124 pro

215 2177 311 2236 posse
327 2175 396 2228 suo,
414 2156 556 2235 spondet
570 2154 713 2218 suturam
731 2157 982 2236 protectionem.

575 2529 623 2577 DE
648 2528 792 2579 IUUENE
816 2530 840 2578 A
865 2529 984 2579 LEPRn
1010 2529 1208 2580 MUNDATO.

301 2695 422 2761 Coram
453 2695 562 2778 posita
592 2696 796 2758 diuersarum
824 2695 994 2778 regionum
1021 2696 1232 2760 multitudine
1259 2696 1291 2757 in
1323 2696 1394 2780 ipso
1426 2697 1565 2760 martiris

214 2818 372 2896 nataliti0,
388 2839 446 2898 pro
463 2817 699 2879 emundatione
715 2837 775 2879 sua
790 2817 914 2898 gratias
932 2817 1094 2880 rescrebat
1110 2816 1195 2878 filius
1216 2817 1387 2880 cuiusdam
1408 2817 1564 2900 prepositi

214 2938 325 3002 nostri.
372 2938 411 3000 In
434 2938 526 3000 cuius
548 2937 742 3000 admirande
765 2938 917 2999 sanitatis
942 2937 1093 3013 efficatia,
1117 2936 1179 3020 ipsi
1202 2935 1245 3000 ab
1272 2937 1426 3000 omnibus
1453 2939 1564 3000 unani·

214 3060 309 3122 miter
319 3057 389 3121 laus
408 3067 440 3120 et
456 3057 560 3139 gloria
577 3056 807 3138 perclamatur,
817 3057 873 3138 qui
886 3057 929 3120 ad
946 3066 1135 3121 sanctorum
1146 3078 1280 3120 suorum
1292 3056 1563 3139 glorificationem

211 3179 353 3260 gloriosa
385 3198 517 3262 queque
546 3188 708 3260 operatur.
766 3177 889 3240 Fuerat
920 3198 1066 3260 namque
1097 3177 1225 3241 iuuenis
1255 3178 1317 3241 iste
1349 3188 1444 3242 tanta
1473 3179 1564 3260 lepre

211 3299 350 3364 feditate
380 3292 544 3374 obsessus,
575 3309 612 3362 ut
643 3299 835 3380 parentibus
865 3299 1141 3380 desperationem,
1169 3308 1203 3363 et
1234 3298 1370 3362 medicis
1400 3299 1563 3382 repulsam

212 3419 361 3484 morbida
380 3419 475 3483 tabes
495 3429 678 3501 generaret.
726 3418 853 3483 Uerum
877 3421 1046 3502 quoniam,
1070 3428 1343 3501 nonunquamut
1365 3418 1496 3494 assolet,
1520 3419 1563 3481 ad

211 3541 355 3622 corporis
377 3540 586 3604 debilitatem
611 3542 715 3604 uirtus
743 3539 864 3602 mentis
891 3539 1055 3618 accrescit,
1077 3540 1120 3602 ad
1147 3540 1296 3602 diuinam
1325 3559 1382 3602 eos
1405 3539 1563 3620 pietatem

209 3660 343 3724 humani
370 3660 542 3724 destitutio
566 3660 678 3723 solacii
702 3659 886 3722 fiducialius
910 3661 1116 3724 transmittit.
1174 3659 1331 3723 Parentes
1354 3660 1467 3740 itaque
1488 3678 1563 3721 cum

208 3782 334 3860 iuuene,
365 3801 425 3863 pro
454 3779 664 3862 impetranda
696 3780 766 3843 eius
797 3781 949 3858 sanitate,
980 3779 1022 3842 ad
1055 3780 1197 3844 martiris
1232 3780 1455 3843 interuentum
1485 3798 1564 3842 con-

208 3901 347 3984 fugiunt,
373 3900 537 3964 addentes
563 3911 678 3964 uotum
706 3901 777 3964 eius
801 3921 837 3964 se
862 3900 1032 3964 basilicam
1060 3920 1136 3964 curn
1164 3899 1334 3963 oblatione
1366 3899 1564 3992 uisitaturos,

208 4023 235 4084 si
266 4022 313 4086 eis
343 4022 456 4086 diuina
487 4021 653 4086 miseratio
684 4039 745 4103 pro
777 4030 856 4083 uoto
888 4020 1087 4102 respondeat
1117 4020 1245 4102 aperiri.
1293 4018 1422 4082 Uotum
1453 4021 1564 4101 itaque

748 4198 756 4230 ¹
779 4199 874 4252 Psalrn
887 4199 975 4252 xxxir.
990 4201 1013 4253 8.
