3832 4760
463 304 620 362 Iussu)
649 304 712 360 Er
734 302 967 361 ulle—tetra
1003 305 1141 360 lrlz'll'l
1172 305 1315 364 (macl.
1528 327 1565 382 95

215 539 247 588 et
284 527 441 607 propulso
473 527 594 598 dolore,
626 528 667 588 ad
703 526 847 605 ‹prelibet
883 525 984 587 offitia
1021 528 1244 588 membrorum
1281 529 1436 608 agilitate,
1467 551 1505 592 ac
1539 531 1564 591 si

215 649 374 710 lesionem
400 668 463 708 non
488 649 650 723 sensisset,
674 658 822 728 promtus
847 645 1051 707 liaberetur·¹.

226 937 275 984 DE
301 937 448 986 DUABUS
475 936 704 987 utULIEurssUs
730 938 750 983 A
775 936 1063 986 CONTRACTIONE
1090 937 1328 988 MENBRORUM
1354 937 1556 988 LIBERATIS.

302 1087 452 1150 Eodem¹
482 1089 584 1152 eciam
613 1100 761 1172 tempore
784 1072 897 1172 puella
927 1093 1071 1172 quedam
1099 1091 1244 1172 paruula,
1272 1092 1315 1154 ab
1347 1091 1483 1154 infantia
1510 1093 1566 1154 de·

213 1208 360 1273 formiter
390 1221 566 1288 contracta,
596 1211 638 1272 ab
669 1211 804 1273 ecclesia
835 1232 914 1272 sana
946 1214 1120 1292 egreditur.
1183 1213 1269 1275 Item
1304 1233 1391 1275 anno
1423 1213 1565 1290 euolut0,
1650 1219 1689 1240 ”“

212 1332 244 1392 in
276 1331 361 1393 festo
395 1333 498 1393 sancti
530 1331 625 1404 olaui,
655 1331 830 1392 consimilis
860 1333 965 1410 gratie
996 1331 1183 1411 largitatem
1215 1334 1318 1395 alt'era
1350 1333 1458 1414 puella
1490 1355 1563 1414 pro-

214 1453 352 1528 meruit3
377 1453 485 1512 neruis
504 1451 625 1510 etenim
647 1451 822 1526 arentibus,
841 1450 982 1529 amplius
1007 1471 1106 1529 quam
1132 1453 1357 1532 quinquennio
1382 1455 1466 1516 talos
1489 1475 1563 1516 cum

213 1571 362 1632 clunibus
385 1571 512 1632 iunctos
534 1567 703 1637 habuerat.
752 1569 822 1630 Hec
843 1570 970 1648 piorum
994 1571 1207 1631 amminiculo
1230 1581 1309 1632 ante
1332 1575 1451 1634 ostium
1475 1573 1563 1635 chori

213 1692 352 1752 deuecta
366 1700 423 1764 est,
437 1700 470 1751 et
487 1708 560 1750 curn
578 1688 816 1750 sanctissimum
834 1709 951 1768 corpus
967 1691 1008 1750 ad
1026 1691 1268 1769 processionem
1285 1691 1456 1766 leuaretur,
1470 1693 1564 1752 rnira-

213 1811 269 1872 bili
287 1811 416 1886 uirtute,
433 1811 479 1871 ita
496 1818 531 1870 ut
549 1828 720 1870 neruorum
738 1809 855 1870 stridor
873 1809 903 1869 in
920 1810 1114 1871 extensione
1131 1811 1307 1885 audiretur,
1325 1823 1440 1873 sanata
1456 1823 1516 1872 est.

302 1928 454 1993 Eodem²
489 1949 584 2004 ann0,
615 1929 647 1989 in
684 1926 756 1990 loco
791 1930 845 2010 qui
881 1929 1089 1992 sticlastader
1126 1931 1318 2012 appellatur,
1357 1941 1437 2012 aput
1475 1931 1565 1994 beati

214 2052 354 2113 martiris
387 2051 587 2125 memoriam,
620 2048 734 2111 mulier
763 2051 905 2130 quedam
938 2051 1043 2111 uisum
1080 2052 1211 2132 recepit,
1243 2053 1334 2114 cuius
1368 2051 1492 2133 pupilla
1522 2052 1565 2114 ab
1666 2082 1695 2110 r·
1751 2109 1754 2116 s

211 2173 277 2234 alio
305 2171 428 2233 infante
457 2173 489 2232 in
517 2170 655 2251 pueritia
682 2169 803 2232 cultelli
832 2181 953 2252 puncto
982 2171 1105 2232 uiolata
1133 2183 1193 2244 est,
1218 2182 1250 2234 et
1277 2193 1319 2232 ex
1344 2171 1429 2234 illius
1452 2171 1565 2234 dolore

212 2294 254 2355 ad
282 2295 456 2356 cecitatem
489 2302 626 2372 uterque
655 2302 811 2370 grauatur
834 2291 954 2366 oculus,
979 2300 1037 2367 set,
1061 2293 1201 2354 martiris
1225 2294 1410 2368 interuentu
1434 2294 1565 2356 detersa

212 2417 360 2488 cecitate,
385 2413 558 2495 pristinum
584 2413 693 2473 lumen
717 2413 840 2492 gaudet
864 2433 898 2474 se
924 2413 1092 2493 recepisse.

400 2681 449 2728 DE
475 2676 701 2726 MERCATORE
725 2677 748 2724 A
772 2677 1061 2726 CONFRACTIONE
1086 2677 1186 2726 TlBlE
1211 2677 1368 2727 SANATO.

299 2829 465 2892 Mercator
485 2827 628 2908 quidam,
646 2827 677 2886 in
703 2826 853 2906 yslandia
876 2825 1032 2903 hiemans,
1048 2837 1168 2890 octaua
1188 2828 1231 2889 ab
1256 2827 1431 2909 epiphania
1454 2826 1508 2889 die
1530 2827 1563 2888 in

210 2951 349 3031 glaciem
367 2969 498 3012 euersus
515 2947 640 3024 cecidit,
656 2957 689 3008 et
710 2966 747 3008 os
770 2947 876 3026 ipsum
898 2947 990 3028 tybie
1012 2949 1044 3008 in
1068 2956 1136 3009 tres
1158 2957 1269 3028 partes
1288 2947 1457 3029 confregit,
1473 2947 1562 3028 quod

211 3071 301 3132 nulla
330 3078 402 3132 arte
432 3068 629 3150 perdecem
656 3067 859 3129 ebdomadas
883 3067 1015 3130 solidari
1039 3077 1191 3148 poterat:
1228 3089 1343 3131 uerum
1367 3071 1399 3131 in
1422 3068 1563 3132 sabbato
1668 3132 1692 3158 ἢ

209 3191 395 3274 palmarum
411 3209 549 3253 cernens
561 3187 744 3250 membrum
759 3188 822 3249 iam
836 3187 983 3264 liuidum,
996 3197 1028 3250 et
1041 3188 1119 3250 tabe
1132 3187 1339 3260 soluendum,
1351 3187 1564 3252 uehementer

209 3311 379 3392 ingemuit,
392 3319 425 3373 et
438 3309 703 3373 intercessionem
716 3308 804 3371 beati
822 3307 920 3372 Olaui
937 3307 1056 3370 crebris
1069 3307 1223 3389 implorat
1238 3309 1425 3391 gemitibus,
1438 3329 1563 3372 uouens

208 3453 245 3494 se
266 3431 348 3494 infra
372 3441 439 3494 tres
459 3451 564 3492 annos
584 3431 652 3491 eius
671 3431 877 3490 uisitaturum
898 3428 1081 3506 ecclesiam,
1097 3439 1130 3491 et
1151 3429 1221 3491 eius
1242 3449 1374 3510 semper
1396 3428 1508 3510 uigilia
1529 3431 1563 3491 in

243 3619 251 3648 ¹
274 3621 351 3672 Here
365 3619 403 3688 (p.
421 3617 477 3685 168,
492 3617 533 3684 15)
552 3615 622 3670 ends
640 3617 688 3669 the
703 3616 866 3670 Old-Norse
884 3615 1000 3684 Homily
1014 3614 1104 3681 Book,
1118 3613 1145 3667 in
1160 3613 1252 3682 order,
1266 3631 1298 3668 as
1317 3616 1366 3668 the
1379 3613 1472 3668 writer
1488 3630 1562 3682 says,

207 3707 269 3761 that
282 3707 330 3760 the
343 3705 470 3778 auditors
487 3721 553 3772 may
566 3714 615 3756 not
633 3721 708 3772 grow
723 3721 830 3772 weary;
848 3703 983 3771 although
996 3705 1079 3772 Jesus
1099 3703 1151 3755 has
1166 3703 1302 3771 wrought,
1317 3703 1374 3756 and
1392 3701 1415 3756 is
1429 3701 1562 3769 working,

207 3811 293 3863 many
306 3793 387 3848 other
400 3791 530 3846 miracles
543 3792 581 3859 by
594 3792 641 3844 the
654 3791 731 3844 hand
745 3792 776 3843 of
787 3793 814 3844 S.
831 3791 902 3844 Olaf.
941 3791 1037 3843 Those
1055 3791 1138 3844 other
1154 3789 1286 3844 miracles
1304 3790 1370 3844 here
1384 3790 1426 3842 for
1438 3790 1487 3844 the
1504 3789 1563 3844 first

207 3882 276 3938 time
289 3898 336 3936 see
349 3881 398 3935 the
411 3879 491 3949 light.

241 3969 253 4002 ²
271 3969 342 4024 This
364 3968 480 4023 miracle
498 3967 522 4021 is
541 3977 571 4022 to
589 3966 625 4020 be
644 3967 732 4020 found
751 3966 778 4020 in
798 3967 846 4020 the
863 3965 1050 4019 Brevr'an'mn
1065 3965 1257 4033 Nidrosr’ense,
1270 3966 1321 4019 but
1334 3964 1429 4019 mixed
1446 3981 1484 4034 up
1496 3963 1564 4020 with

206 4059 255 4115 the
270 4058 386 4112 miracle
403 4056 436 4110 of
450 4057 499 4111 the
511 4054 591 4108 blind
605 4071 715 4108 woman
729 4056 791 4108 who
805 4071 862 4108 was
880 4052 965 4106 cured
984 4053 1012 4106 in
1030 4053 1079 4106 the
1094 4069 1163 4122 year
1176 4054 1224 4106 the
1240 4051 1356 4122 pallium
1370 4069 1427 4106 was
1440 4051 1562 4122 brought

205 4158 235 4200 to
251 4146 381 4199 Nidaros.
421 4145 509 4213 (Sect.
527 4143 565 4197 18.
579 4142 622 4209 S.)
