3832 4760
439 744 723 828 Passio
785 743 878 824 ET
940 741 1361 823 utuncucn

561 977 832 1084 BEATI
915 975 1223 1086 OLAUI

792 1235 924 1334 [ene.
957 1234 1002 1332 1.]

402 1435 545 1486 INCIPIT
569 1434 694 1483 PASSIO
718 1433 830 1483 BEATI
854 1433 971 1482 OLAUI
995 1434 1102 1482 REGIS
1128 1435 1173 1482 ET
1198 1435 1390 1484 MARTIRIS.

309 1604 566 1672 EGNANTE¹
600 1605 817 1668 illustrissimo
842 1626 918 1686 rege
940 1605 1037 1667 olauo
1060 1575 1157 1686 apudN
1173 1606 1409 1688 Noruuegiam,
1434 1628 1498 1689 que
1522 1619 1573 1670 est

336 1737 425 1792 terra
437 1726 637 1808 pregrandiS,
647 1746 759 1788 versus
769 1726 957 1808 aquilonem
971 1726 1117 1810 locatae
1131 1726 1265 1788 meridie
1278 1725 1425 1788 daciam²
1439 1727 1574 1803 habene,

219 1848 360 1910 eandem
377 1847 513 1930 ingressi
528 1856 606 1910 sunt
625 1855 747 1909 terram
768 1847 871 1928 pedes
893 1845 1216 1928 euuangelizancium
1239 1866 1366 1928 pacem,
1383 1847 1573 1929 euuangeli-

219 1968 369 2032 zancium
381 1970 470 2032 bona
477 1968 507 2053 ³7·
526 1968 699 2032 Hactenus
711 1967 876 2050 sacrilegis
888 1967 1063 2049 ydolorum
1078 1967 1264 2048 mancipate
1278 1967 1403 2045 ritibus,
1414 1977 1448 2030 et
1460 1989 1573 2051 super-

218 2088 359 2152 sticiosis
375 2090 537 2153 erroribus
550 2087 673 2167 deluse,
686 2089 838 2152 nationes
855 2089 909 2151 ille
921 2089 990 2150 ueri
1008 2088 1060 2150 dei
1077 2088 1202 2150 cultum
1217 2100 1249 2152 et
1263 2088 1364 2150 fidem
1380 2089 1573 2168 audierant,

216 2210 390 2273 audierant
410 2209 556 2292 quidem,
573 2218 624 2272 set
645 2209 740 2272 multi
763 2209 927 2290 suscipere
950 2219 1227 2289 contempserant.
1274 2209 1369 2272 Sicut
1388 2209 1476 2272 enim
1501 2210 1574 2273 loca

215 2330 362 2412 aquiloni
378 2330 533 2412 proxima
549 2329 787 2406 inhabitabant,
805 2331 851 2393 ita
866 2329 1056 2392 familiarius
1073 2350 1129 2392 eas
1145 2331 1349 2410 possederat,
1363 2339 1397 2392 et
1414 2331 1573 2393 tenaciori

214 2451 320 2532 glacie
345 2451 549 2516 infidelitatis
575 2451 775 2514 astrinxerat
801 2451 913 2534 aquilo
939 2452 1002 2529 ille,
1023 2472 1043 2513 a
1063 2471 1129 2532 quo
1148 2451 1306 2532 panditur
1327 2471 1428 2514 omne
1447 2450 1572 2513 malum

215 2591 314 2652 super
339 2573 528 2636 uniuersam
552 2571 669 2635 faciem
693 2581 787 2650 terre,
811 2583 844 2636 et
867 2594 887 2635 a
910 2573 1001 2635 cuius
1024 2571 1107 2635 facie
1129 2571 1231 2634 ollam
1259 2591 1452 2636 succensam
1479 2571 1572 2634 uidet

215 2691 366 2756 ieremias
376 2677 400 2784 ⁴,
421 2701 456 2756 et
478 2693 535 2774 qui
558 2693 592 2756 ln
614 2693 708 2774 ysaia
730 2694 891 2756 iactanter
912 2693 1054 2774 profert:
1084 2692 1193 2774 Super
1213 2702 1303 2756 astra
1322 2689 1572 2774 celiexaltabo
1634 2697 1665 2746 0.
1684 2717 1700 2732 ν’
1815 2709 1817 2720 ’

213 2812 333 2875 solium
368 2832 490 2891 meum,
519 2813 643 2876 sedebo
680 2813 713 2875 in
747 2824 860 2877 monte
893 2813 1092 2892 testamenti,
1121 2814 1154 2874 ln
1185 2813 1343 2876 lateribus
1372 2811 1537 2894 aquilonis
1546 2811 1570 2874 ὅ.

215 2931 374 2998 Ceterum
412 2953 554 3016 magnus
591 2934 746 2998 dominus
780 2943 814 2998 et
845 2934 1029 3008 laudabilis,
1056 2935 1112 3016 qui
1145 2934 1188 2997 de
1226 2934 1407 2998 lateribus6
1437 2932 1571 2997 edificat

214 3053 384 3119 ciuitatem
415 3074 521 3133 suam,
549 3055 652 3118 austri
682 3055 814 3138 placido
844 3055 978 3118 flamine
1006 3055 1168 3136 aquilonis
1198 3055 1373 3138 dissipauit
1398 3055 1569 3118 duriciam.

215 3173 262 3238 Et
278 3176 430 3257 gentium
451 3173 625 3238 efferarum
644 3175 830 3239 obstinatos
848 3196 887 3239 ac
907 3175 1032 3240 seroces
1052 3176 1180 3238 animos
1203 3177 1312 3240 calore
1333 3175 1410 3240 fidei
1430 3176 1569 3240 tandem

213 3295 386 3360 emolliuit.
431 3294 623 3360 Audierunt
651 3297 803 3360 auditum
833 3317 853 3360 a
883 3297 1027 3372 domino,
1058 3306 1092 3360 et
1120 3295 1248 3378 legatos
1278 3297 1322 3360 ad
1348 3295 1421 3359 illas
1450 3304 1570 3378 gentes

248 3447 257 3480 ¹
278 3451 347 3520 Cap.
363 3451 386 3506 1.
405 3451 482 3506 Sect.
498 3465 521 3505 1.
534 3451 566 3506 S.
728 3448 740 3481 ²
753 3451 845 3505 Dacia
857 3451 881 3506 is
894 3452 943 3506 the
956 3467 1087 3506 common
1100 3449 1273 3520 middle-age
1288 3448 1371 3504 Latin
1384 3449 1429 3504 lor
1442 3448 1550 3504 Dania.

211 3584 215 3592 .
247 3536 259 3568 ⁸
278 3540 407 3593 Romans
419 3557 444 3593 rc
459 3551 500 3608 15.

247 3624 414 3696 ‘JeremIah
423 3626 440 3680 i.
452 3641 541 3695 13,14.
567 3627 661 3682 There
671 3626 694 3681 is
705 3645 723 3682 a
732 3627 843 3682 curious
853 3627 1047 3682 resemblance
1055 3627 1123 3682 here
1133 3635 1162 3681 to
1173 3643 1190 3681 a
1200 3642 1322 3696 passage
1332 3625 1361 3680 in
1371 3626 1421 3680 the
1431 3625 1570 3680 Mr'racles

211 3714 248 3784 ιμ’
257 3714 288 3769 S.
299 3712 380 3784 John
397 3715 432 3784 eff
439 3714 584 3785 Beverley,
597 3715 637 3784 by
648 3716 693 3770 W.
707 3716 809 3784 Ketell,
821 3732 840 3770 a
852 3715 928 3770 clerk
944 3715 977 3770 ol
992 3716 1137 3783 Beverley‚
1150 3715 1213 3768 who
1226 3723 1313 3768 wrote
1328 3713 1468 3783 probably
1480 3713 1569 3768 about

215 3813 290 3871 1150.
314 3801 362 3856 He
377 3799 401 3856 is
412 3801 552 3872 speaking
561 3802 594 3856 ol
603 3803 652 3857 the
663 3804 807 3858 Northem
817 3803 953 3858 rebellion
964 3803 1055 3857 which
1065 3803 1201 3857 occurred
1211 3801 1240 3856 in
1251 3803 1300 3856 the
1310 3801 1390 3871 reign
1400 3800 1433 3854 of
1441 3799 1569 3855 William

212 3889 261 3944 the
274 3889 446 3959 Conqueror.
485 3888 588 3944 ‘Plebs
603 3889 753 3960 Aquilonis
770 3890 933 3960 proviuciae
950 3891 1096 3962 (quoniam
1113 3891 1150 3944 ab
1166 3889 1308 3961 Aquilone
1324 3888 1466 3960 pandetur
1483 3904 1569 3943 omne

213 3975 330 4045 malum)
345 3975 485 4031 barbarae
502 3975 627 4032 nationis
644 3977 756 4033 feritate
769 3995 884 4048 vesana,
896 3977 962 4033 novi
977 3977 1113 4048 principis
1126 3976 1362 4048 dispositionibus
1379 3975 1473 4030 renuit
1488 3993 1569 4030 man·

212 4063 317 4136 cipari.’
353 4063 698 4137 Raine'erirton'anscff
708 4066 755 4120 tlte
768 4066 880 4122 Church
893 4067 928 4138 os
945 4067 1021 4121 I'ork
1032 4067 1094 4120 and
1102 4068 1141 4122 its
1152 4065 1353 4135 Archbrlrhops,
1366 4065 1420 4119 vol.
1437 4063 1454 4120 i.
1474 4081 1501 4134 p.
1515 4065 1567 4132 265

214 4151 305 4219 (Rolls
318 4150 433 4219 Series).
715 4152 726 4184 ⁵
747 4153 842 4209 Isaiah
856 4152 909 4208 xiv.
925 4169 963 4223 13.
1210 4153 1220 4184 ⁶
1240 4153 1281 4208 Cf.
1298 4153 1394 4206 Psalm
1404 4151 1490 4206 xlviii.
1504 4153 1530 4206 8.

852 4267 917 4314 Ka
