3832 4760
464 373 624 458 erSSlO
652 373 716 430 ET
740 373 977 433 MIRACULA
1010 373 1095 430 ΒΕΑ
1107 371 1151 428 TI
1180 371 1321 431 OLno'l.
1536 391 1571 450 73

220 595 351 656 uersarii
378 595 565 656 muneribus
589 596 742 676 corrupti,
764 596 899 675 quidam
924 615 1003 656 uero
1025 594 1126 655 solius
1150 591 1273 654 malitie
1297 592 1459 671 instinctu,
1474 608 1524 658 set
1540 607 1573 662 ct

221 735 341 777 nouam
355 715 545 796 religionem
558 717 704 797 paternis
717 714 839 778 scilicet
852 714 981 796 legibus
993 693 1367 794 contrariam'suscipere
1380 727 1574 798 recusantes,

220 837 372 900 ordinato
391 838 568 913 excercitu,
590 837 622 899 in
645 836 718 900 loco
734 837 789 918 qui
810 856 897 900 nunc
919 831 1157 918 styclastader¹
1178 819 1348 915 apellatur,
1368 836 1573 916 ignorantem

221 969 255 1022 et
270 979 290 1020 a
305 977 364 1021 sua
378 969 478 1043 gente
493 957 735 1041 aliquantulum
747 959 938 1036 distantem,
951 955 1040 1021 bello
1055 955 1236 1037 excipiunt.
1262 954 1322 1019 Set
1338 956 1573 1021 illustrissimus

221 1081 343 1153 martir,
360 1081 425 1162 qui,
441 1092 532 1146 totus
547 1102 725 1164 suspensus
741 1083 774 1146 in
790 1081 933 1159 celestia,
950 1102 1009 1163 per
1028 1079 1179 1143 martirrii
1195 1098 1350 1142 coronam
1368 1077 1443 1141 illuc
1458 1099 1574 1161 perue-

220 1203 289 1267 nire
319 1204 442 1268 iutimis
477 1205 689 1269 desiderabat
727 1205 914 1287 precordiis,
946 1225 966 1267 a
996 1203 1080 1266 facie
1111 1201 1329 1264 multitudinis
1359 1221 1424 1263 non
1454 1201 1574 1264 timuit.

221 1325 376 1390 Imminet
391 1326 436 1389 illi
453 1326 588 1398 bellum,
601 1328 692 1407 quod
708 1337 838 1389 amator
851 1326 941 1407 pacis
954 1345 1013 1406 pro
1029 1325 1155 1388 iusticia
1168 1335 1201 1387 et
1214 1325 1360 1405 equitate
1368 1332 1575 1406 pugnaturus

220 1447 372 1525 suscepit.
410 1445 589 1507 Excercitu
606 1446 726 1524 itaque,
742 1453 903 1523 quantum
920 1444 952 1503 in
969 1443 1061 1504 breui
1078 1442 1194 1521 potuit,
1210 1453 1409 1524 congregato
1427 1442 1574 1506 obuiauit

221 1550 368 1626 inimicis.

308 1681 430 1745 Porro2
447 1684 609 1759 dominus,
628 1683 684 1762 qui
702 1681 826 1744 martiri
841 1703 901 1744 suo
918 1682 1114 1756 mercedem,
1130 1700 1190 1761 pro
1206 1700 1272 1761 quo
1293 1691 1343 1744 tot
1359 1703 1481 1762 agones
1499 1703 1573 1764 per·

154 1805 176 1880 ἵζ’)
203 1803 350 1880 rtulerat,
367 1804 518 1881 reddere,
533 1814 567 1867 et
589 1803 730 1885 gloriam
753 1823 857 1879 suam,
878 1822 979 1883 quam
1002 1802 1125 1865 diutius
1147 1811 1182 1864 et
1204 1801 1332 1864 auidius
1354 1803 1486 1879 sitierat,
1509 1803 1575 1864 iam

222 1925 367 1988 rcuelarc
390 1925 591 2001 decreuerat,
610 1935 646 1987 ut
669 1923 842 2006 gloriosius
861 1944 937 1986 eum
961 1932 1141 1999 coronaret,
1163 1921 1349 2004 iniquorum
1373 1921 1484 1986 iaculis
1506 1922 1577 2004 glo-

223 2046 344 2108 riosum
372 2047 538 2108 martirem
562 2046 758 2108 occumbere
784 2045 943 2126 permisit.
990 2043 1155 2108 Occubuit
1178 2053 1291 2107 autem
1314 2043 1395 2107 iiiito
1418 2044 1577 2107 kalendas

210 2167 391 2266 pgtobris3,
410 2167 489 2230 feria
513 2165 593 2229 iiiita
604 2164 625 2242 ⁴,
645 2164 820 2228 millesimo
843 2177 878 2230 et
901 2166 1007 2228 xxviii
1025 2185 1111 2228 anno
1131 2165 1175 2228 ab
1198 2165 1421 2228 incarnatione
1443 2166 1577 2243 domini,
1598 2151 1600 2154 ¹

223 2261 381 2370 pro-fidei
403 2286 593 2351 defensione
615 2287 659 2349 ab
686 2286 824 2349 inimicis
855 2285 932 2349 fidei
956 2285 1131 2349 crudeliter
1153 2285 1412 2368 interemptus⁶3
1443 2287 1578 2351 feliciter

110 2453 114 2464 .
222 2411 265 2473 de
287 2409 401 2473 castris
416 2409 459 2472 ad
475 2418 588 2472 eterna
604 2407 691 2489 regis
713 2408 847 2489 palatia,
863 2408 906 2470 de
921 2407 1010 2471 bello
1030 2406 1175 2489 migrans
1190 2406 1233 2470 ad
1256 2426 1382 2494 pacem,
1398 2427 1462 2488 que
1477 2429 1575 2471 exsu-

223 2541 318 2614 perat
333 2550 467 2593 omnem
488 2549 631 2606 sensum,
646 2530 690 2592 ad
708 2529 842 2593 laudem
859 2539 894 2592 et
913 2511 1196 2611 gloriamrdomini
1212 2528 1314 2592 nostri
1330 2528 1422 2592 ihesu
1432 2508 1577 2606 lchristi,

223 2652 274 2714 cui
291 2661 342 2715 est
356 2651 461 2714 honor
475 2660 510 2714 et
525 2651 629 2732 gloria
646 2650 678 2711 in
693 2650 804 2714 secula
819 2651 1029 2731 seculorum,
1062 2670 1169 2712 amen.

259 2945 268 2976 ¹
288 2944 485 3000 Stielastather
497 2943 527 2996 S.
543 3003 544 3006 Ἰ
565 2939 637 2996 This
656 2940 777 3011 spelling
791 2941 857 2996 with
874 2942 897 2996 d
906 2942 935 2996 in
952 2960 1004 2998 our
1018 2944 1091 3012 MS,
1104 2953 1154 2997 not
1169 2942 1197 3011 δ,
1213 2943 1352 2998 betokens
1371 2943 1419 2999 the
1436 2943 1527 2998 writer
1545 2954 1575 3000 to

225 3034 297 3088 have
313 3033 386 3088 been
401 3047 439 3086 no
453 3033 625 3085 Norseman.
657 3029 696 3084 So
714 3030 886 3099 Gubonnus,
899 3030 958 3085 and
975 3029 1131 3101 Dyblinnie
1144 3029 1225 3100 (Cap.
1239 3032 1278 3099 ΙΙ,
1291 3030 1320 3084 in
1333 3030 1386 3099 S.),
1402 3031 1460 3086 and
1477 3033 1577 3087 Holm-

224 3121 327 3191 garder
340 3121 420 3190 (Cap.
436 3120 475 3188 Il,
488 3128 555 3174 sect
569 3116 635 3186 xiv).
677 3119 732 3173 But
747 3119 796 3172 the
809 3118 921 3189 cop‘yist
936 3119 994 3190 (fol.
1008 3119 1052 3189 62,
1068 3118 1112 3188 10)
1125 3119 1230 3189 speaks
1242 3119 1275 3173 of
1284 3119 1459 3189 Trondhjem
1471 3137 1503 3174 as
1517 3119 1580 3176 ‘hec

224 3210 308 3264 urbs’
345 3211 379 3262 ln
391 3209 422 3262 S.
436 3205 527 3285 hegjs
539 3204 666 3261 omitted

258 3296 270 3329 ²
289 3298 365 3353 Sect.
377 3312 416 3351 10.
430 3297 461 3350 S.
499 3293 547 3349 Sic
560 3293 590 3348 in
604 3294 633 3350 C.
646 3295 676 3350 C.
688 3294 718 3350 C.
952 3365 955 3372 Ι

258 3385 269 3418 ³
288 3383 421 3442 Octobris
434 3383 458 3438 is
470 3399 488 3438 a
501 3380 613 3437 curious
626 3397 703 3438 error
715 3381 758 3436 for
769 3381 901 3452 Augusti.

259 3474 270 3505 ⁴
290 3467 726 3539 Midweek·day(Wednesday),
739 3485 802 3524 now
810 3469 903 3525 called
916 3471 946 3526 S.
956 3470 1045 3526 Olafs
1059 3471 1126 3539 Day
1140 3470 1200 3540 (the
1213 3469 1328 3540 former)
1340 3468 1439 3538 (Hom.
1454 3485 1512 3539 149.
1522 3471 1578 3540 30).

223 3563 286 3616 The
308 3561 399 3630 Sagas
421 3555 620 3625 unanimously
646 3557 682 3610 fix
707 3557 756 3612 the
775 3556 832 3626 day
851 3557 884 3612 of
904 3557 949 3613 his
969 3558 1056 3614 death
1075 3575 1108 3612 as
1126 3559 1193 3628 July
1212 3573 1255 3628 29,
1278 3572 1354 3626 1030,
1372 3557 1464 3612 which
1483 3575 1540 3613 was
1558 3576 1577 3614 a

224 3647 423 3718 Wednesday3
440 3647 491 3701 but
509 3645 656 3700 Professor
670 3645 781 3713 Keyser
798 3643 906 3716 prefers
925 3645 1038 3716 Friday,
1052 3647 1126 3715 Aug.
1139 3661 1183 3717 31,
1200 3661 1275 3714 1030,
1289 3646 1370 3700 when
1382 3663 1419 3700 an
1432 3643 1537 3714 eclipse
1549 3646 1583 3702 of
1607 3669 1648 3694 x·

224 3738 273 3794 the
285 3753 338 3792 sun
350 3733 487 3790 occurred
499 3731 528 3788 in
540 3733 589 3788 the
602 3733 760 3788 afternoon.
796 3734 909 3805 Norges
919 3734 1058 3802 Histania,
1074 3735 1097 3802 1,
1109 3748 1172 3802 410,
1186 3743 1253 3789 note
1266 3748 1290 3802 3.

259 3822 271 3855 ⁸
283 3824 346 3878 The
355 3807 558 3892 Anglo-'Saxon
569 3819 721 3876 Chronicle
734 3821 831 3891 places
844 3820 889 3876 his
903 3821 989 3876 death
1003 3821 1031 3877 in
1045 3836 1121 3890 1030,
1131 3820 1248 3891 adding,
1262 3820 1337 3876 ‘and
1346 3837 1403 3876 was
1415 3820 1577 3878 afterwards

224 3913 307 3984 hely)
350 3911 487 3965 Florence
508 3907 542 3962 of
558 3909 724 3965 Worcester
742 3909 852 3968 writes:
880 3909 1027 3965 ‘MXXX.
1071 3911 1195 3966 Sanctus
1215 3910 1332 3979 Olavus,
1349 3927 1399 3966 rex
1416 3920 1445 3964 et
1464 3920 1577 3980 martyr,

226 3997 346 4056 Haroldi
362 3995 436 4067 regis
454 3997 687 4068 Norreganorum
705 3996 788 4066 filius,
808 3994 906 4068 [quem
924 4015 974 4053 rex
994 3999 1122 4054 canutus
1140 3996 1309 4072 rerrpulerat]¹
1321 4014 1451 4056 reversus
1464 3997 1493 4054 in
1505 3999 1533 4052 N
1535 4014 1578 4054 or-

224 4088 333 4205 regiam
345 4085 448 4157 injuste
459 4082 607 4228 perirgitur
619 4084 954 4226 alNorreganisJ-Sim.
968 4087 1106 4144 Dunelm.
1114 4086 1181 4144 add.

290 4174 524 4230 dominus-secu
566 4189 634 4228 secu
646 4189 736 4229 orum.
749 4179 827 4229 caret
838 4175 871 4229 S.

891 4275 918 4336 L,
