3832 4760
341 322 392 373 104
575 299 731 359 PASSIO
760 300 823 357 ΕΤ
846 299 1082 362 MIRACULA
1118 303 1260 362 BErlTI
1288 306 1430 366 OLAUI.

335 680 422 730 new
444 681 656 733 nunciatus
678 681 885 732 nucusrnw
904 683 1198 734 xonnwncnusrs
1217 685 1380 736 nmscom
1402 687 1450 738 nn
1471 689 1678 740 manemus

857 802 966 852 uuam
991 792 1139 856 obnuit

417 977 567 1042 Perlectis
588 977 647 1055 his,
662 997 727 1059 que
748 979 792 1040 de
814 979 883 1040 uita
908 989 941 1040 et
966 978 1130 1041 miraculis
1155 980 1244 1043 beati
1268 981 1355 1044 olaui
1379 983 1473 1046 nobis
1496 986 1675 1067 antiquitas

332 1100 577 1175 commendauit,
589 1117 768 1179 congruum
781 1098 974 1160 estimamus
987 1117 1006 1158 a
1019 1099 1115 1160 nobis
1127 1118 1267 1180 quoque,
1280 1101 1335 1180 qui
1352 1101 1422 1164 eius
1434 1104 1676 1183 presentialiter

333 1221 423 1282 nouis
456 1220 574 1301 passim
609 1217 806 1280 illustramur
841 1217 1014 1295 miraculis,
1044 1237 1110 1299 que
1144 1217 1205 1299 ipsi
1241 1219 1391 1297 uidimus,
1421 1231 1478 1284 aut
1512 1225 1674 1286 ueratium

332 1342 469 1403 uirorum
500 1337 692 1403 testimoniis
723 1337 868 1400 uirtuose
894 1337 937 1401 ad
966 1339 1036 1402 eius
1059 1338 1198 1420 gloriam
1225 1342 1310 1403 adeo
1333 1339 1422 1404 lacta
1451 1342 1674 1424 probauimus,

331 1461 443 1524 suturis
481 1459 742 1541 generationibus
781 1461 996 1522 memoranda
1035 1459 1153 1524 litteris
1190 1461 1360 1542 assignari.
1415 1461 1552 1538 Uerum,
1589 1463 1675 1527 sicut

329 1584 469 1645 caritatis
493 1581 604 1644 debito
630 1580 813 1662 quibusque
840 1581 872 1642 in
899 1579 1076 1644 afflictione
1106 1582 1222 1663 positis
1248 1584 1392 1664 compati
1421 1583 1601 1661 iubemur²,
1627 1585 1673 1647 ita

332 1703 479 1764 nimirum
512 1702 553 1764 ab
590 1701 774 1783 egritudine
805 1701 967 1778 releuatis,
999 1711 1031 1764 et
1066 1703 1109 1764 de
1146 1703 1268 1784 adepta
1302 1703 1408 1766 salute
1442 1704 1672 1784 gaudentibus

331 1824 531 1903 congaudere
560 1833 716 1884 tenemur.
772 1818 831 1883 Set
868 1821 1026 1901 quoniam
1066 1821 1187 1884 unico³
1226 1823 1339 1885 matris
1379 1844 1437 1886 sue
1475 1845 1573 1887 nemo
1610 1826 1672 1888 sibi
1708 1884 1714 1900 ,

332 1943 507 2022 proximior
539 1951 596 2016 est,
626 1942 653 2002 si
684 1939 756 2002 aliis
789 1939 911 2002 collata
945 1941 1128 2004 sanitatum
1163 1940 1327 2019 benefitia,
1361 1943 1507 2005 caritatis
1542 1943 1672 2019 intuitu,

330 2059 485 2124 extollere
505 2061 651 2122 iubemur
660 2057 681 2135 ⁴,
698 2058 803 2122 multo
820 2060 933 2142 magis,
952 2081 1025 2141 que,
1042 2082 1100 2142 per
1116 2061 1169 2124 dei
1185 2062 1335 2143 gratiam,
1354 2061 1396 2124 de
1415 2061 1516 2143 ipsius
1533 2065 1673 2127 martiris

331 2181 488 2244 benefitiis
514 2181 555 2242 ad
587 2190 713 2242 nostras
743 2179 1001 2243 necessitudines
1030 2181 1233 2244 redundasse
1263 2181 1500 2263 cognoscimus,
1529 2183 1672 2264 primum

332 2314 365 2366 et
393 2303 542 2384 precipua
571 2300 677 2374 laude,
704 2319 778 2362 cum
809 2301 988 2381 gratiarum
1021 2301 1160 2378 actione,
1187 2311 1338 2365 tenemur
1368 2301 1551 2367 exsoluere.
1597 2302 1672 2387 Ego

332 2425 440 2504 itaque
461 2422 658 2504 augustinus,
684 2440 743 2501 per
765 2419 973 2484 uoluntatem
997 2422 1050 2484 dei
1079 2422 1112 2483 in
1139 2421 1276 2486 ecclesia
1300 2424 1388 2487 beati
1418 2425 1559 2488 martiris
1584 2423 1672 2487 olaui

331 2542 546 2626 episcopalem
568 2543 618 2605 ad
648 2551 780 2622 tempus
810 2540 1064 2606 sollicitudinem
1099 2563 1225 2639 gerens,
1256 2563 1331 2606 cum
1361 2564 1381 2605 a
1416 2543 1583 2626 magistro,
1614 2546 1671 2626 qui

330 2665 482 2748 operariis
507 2662 641 2727 ecclesie
668 2671 787 2744 preest,
815 2681 875 2744 pro
905 2663 1105 2745 quibusdam
1136 2662 1168 2724 in
1199 2683 1299 2744 opere
1329 2664 1543 2744 disponendis
1572 2685 1672 2746 super

329 2785 410 2850 muri
430 2784 591 2876 fastigium
614 2803 776 2860 euocarer‚
791 2781 898 2864 pons⁵
913 2783 945 2845 in
965 2803 1031 2864 quo
1054 2782 1181 2864 lapides
1205 2783 1426 2860 trahebantur,
1442 2784 1671 2862 multitudinis,

328 2928 392 2989 que
422 2926 481 2968 nos
509 2903 713 2996 sequebatur,
744 2902 866 2966 molem
897 2923 962 2966 non
993 2901 1110 2977 serens,
1135 2901 1321 2967 confractus
1345 2903 1473 2966 cecidit.
1523 2904 1671 2968 Peccatis

328 3037 437 3090 autem
464 3023 669 3106 exigentibus
699 3033 735 3086 ut
762 3023 830 3086 uite
860 3033 894 3086 et
925 3023 1069 3088 iniuncte
1093 3023 1323 3087 sollicitudinis
1352 3023 1479 3087 cautior
1508 3025 1671 3102 redderer,

328 3146 442 3210 ceteris
473 3143 564 3226 ponti
597 3153 631 3206 et
664 3141 822 3204 machinis
855 3139 1100 3217 adherentibus,
1137 3141 1227 3206 solus
1261 3143 1294 3206 in
1328 3142 1541 3225 precipicium
1573 3142 1670 3208 feror.

329 3264 478 3347 Cumque
511 3264 543 3326 in
576 3261 690 3324 horam
723 3259 948 3326 tenuissimam
986 3261 1159 3326 cuiusdam
1194 3263 1290 3341 uasis,
1320 3262 1354 3326 in
1384 3281 1450 3344 quo
1480 3271 1669 3326 cementum

361 3451 370 3482 ¹
389 3450 506 3520 Eystein
518 3466 574 3504 was
591 3458 641 3503 not
659 3447 826 3518 Episcopus,
843 3449 894 3503 but
906 3446 1156 3518 Arcbiepiscopus,
1169 3448 1262 3502 which
1281 3447 1371 3517 might
1390 3447 1514 3503 indicate
1532 3447 1594 3503 that
1613 3447 1669 3503 this

327 3540 447 3608 heading
463 3555 519 3592 was
534 3535 641 3592 written
660 3535 688 3589 in
708 3537 850 3606 England,
887 3535 950 3590 Still
967 3553 1009 3590 we
1025 3536 1099 3590 have
1116 3535 1216 3602 below,
1230 3537 1248 3590 l.
1265 3551 1304 3605 14,
1318 3535 1541 3606 ‘episcopalem'
1553 3535 1624 3592 used
1641 3535 1675 3590 of

326 3629 373 3682 the
385 3624 567 3694 Archbishop.

359 3711 370 3744 ²
388 3716 512 3768 Romans
523 3711 568 3766 xii.
584 3727 593 3764 ι
600 3723 623 3780 5.
1295 3707 1305 3739 ³
1325 3709 1340 3764 i.
1351 3726 1374 3764 e.
1391 3709 1456 3763 lilio.

359 3803 370 3831 ⁴
388 3799 510 3868 Nobody
527 3798 551 3854 is
565 3814 642 3852 more
659 3813 729 3852 near
743 3807 773 3853 to
790 3814 808 3852 a
824 3813 891 3852 man
909 3798 978 3851 than
996 3783 1191 3852 his'mother's
1208 3798 1275 3866 only
1292 3813 1352 3852 son.
1392 3795 1509 3866 Charity
1522 3794 1623 3865 begins
1641 3806 1670 3852 at

323 3889 414 3943 home.
453 3887 481 3940 ll
490 3903 529 3940 we
545 3902 593 3940 are
604 3883 711 3939 bidden
727 3895 756 3939 to
773 3885 867 3954 praise
885 3885 935 3939 the
947 3884 1068 3939 benefits
1082 3879 1231 3939 conierred
1243 3885 1282 3954 by
1295 3885 1323 3940 S.
1337 3884 1407 3939 Olal
1415 3900 1452 3938 on
1466 3873 1571 3952 others,
1584 3884 1670 3939 much

323 3993 399 4030 more
417 3992 465 4029 are
483 3991 522 4028 we
538 3972 634 4027 bound
651 3981 682 4026 to
699 3972 774 4027 extol
788 3973 837 4028 the
854 3972 976 4027 benefits
993 3973 1030 4027 he
1048 3972 1101 4027 has
1120 3972 1269 4027 conferred
1287 3988 1325 4026 on
1344 3973 1393 4026 the
1411 3969 1554 4026 ministers
1573 3970 1606 4024 ol
1620 3972 1670 4026 the

324 4063 425 4117 church
438 4071 467 4116 at
478 4059 666 4129 Trondhjem;
679 4077 720 4114 we
733 4059 873 4116 therefore
886 4058 1003 4114 commit
1016 4059 1096 4115 these
1111 4059 1242 4114 miracles
1255 4069 1284 4114 to
1298 4057 1409 4126 writing
1420 4057 1464 4112 for
1475 4058 1524 4114 the
1537 4056 1669 4112 informa·

323 4150 380 4204 tion
393 4150 425 4204 ol
432 4147 608 4218 generations
621 4158 667 4216 yet
679 4158 708 4202 to
721 4163 809 4201 come.
1171 4145 1182 4176 ⁶
1203 4147 1235 4200 ln
1251 4147 1280 4202 C.
1290 4146 1318 4203 C.
1330 4147 1359 4200 C.
1373 4162 1490 4214 ponens.
