3830 4766
455 333 612 392 PASSIO
641 333 704 390 ET
728 331 962 392 ltllltllcuzn
997 333 1138 389 BEdTI
1166 335 1307 392 ohtt'l.
1521 359 1558 413 93

217 570 399 612 asueorum
426 551 545 612 linibus
569 551 665 631 longe
689 551 842 630 prosecta,
867 553 908 614 ad
936 551 1048 612 limina
1071 554 1173 613 sancti
1200 555 1348 627 martiris,
1373 557 1558 619 orationum

217 671 498 752 causa,prof1cisei
519 672 672 748 decreuit,
694 672 757 751 qui,
776 670 852 734 licet
872 671 902 732 in
923 672 1036 734 itinere
1058 681 1126 732 tam
1149 675 1295 735 cecitatis
1317 696 1416 754 qnam
1438 677 1559 740 laboris

217 793 314 856 multa
336 801 506 874 pateretur
528 793 711 870 incomoda,
734 792 799 856 fide
824 802 934 855 tamen
963 793 1105 869 robusta,
1134 803 1167 856 et
1194 815 1252 874 spe
1280 794 1471 874 confortata,
1498 799 1559 860 iter

214 913 388 996 compleuit
414 933 614 996 aggressum.
660 913 735 996 Que
765 934 840 977 curn
868 912 1007 976 natalis¹
1034 914 1135 995 ipsius
1166 915 1220 976 die
1245 916 1423 997 gloriosam
1454 918 1559 1000 ingre-

213 1035 340 1098 deretur
354 1034 534 1114 basilicam,
551 1045 584 1100 et
602 1055 694 1099 sacro
712 1047 825 1099 sancta
845 1036 1017 1098 missarum
1037 1034 1281 1099 celebrarentur
1299 1037 1410 1115 offitia,
1426 1039 1559 1102 uisionis

212 1166 321 1237 optate
348 1155 502 1235 leticiam,
524 1171 625 1240 quant
648 1177 778 1238 semper
800 1157 843 1219 ab
865 1151 958 1219 annis
982 1157 1046 1218 iam
1071 1157 1228 1220 tredecim
1253 1159 1417 1238 amiserat,
1442 1162 1558 1224 meruit

212 1279 359 1360 recipere.

565 1471 613 1518 DE
635 1469 828 1519 CUIUSDAM
855 1467 949 1516 lllUTl
973 1468 1199 1518 CURATIONE.

252 1617 450 1701 waringus²
478 1618 614 1698 quidam
638 1618 669 1678 in
695 1617 798 1679 ruscia
821 1636 952 1678 seruum
978 1627 1113 1690 emerat,
1138 1618 1225 1680 bone
1249 1621 1367 1682 indolis
1395 1623 1555 1700 iuuenem,

211 1751 259 1804 set
289 1749 429 1802 mutum.
476 1737 543 1819 Qui
570 1757 644 1801 cum
669 1736 765 1798 nichil
792 1736 834 1798 de
857 1756 892 1798 se
920 1736 989 1816 ipsc
1013 1736 1158 1816 profiteri
1187 1749 1308 1818 posset,
1332 1740 1422 1801 cuius
1450 1745 1557 1822 gentis

210 1873 294 1926 esset
321 1859 543 1944 ignorabatur.
588 1857 655 1920 Ars
678 1868 798 1930 tamen,
816 1876 881 1937 qua
905 1866 974 1918 erat
995 1857 1180 1931 instructus,
1198 1859 1282 1920 intcr
1297 1861 1457 1940 waringos
1481 1883 1558 1924 eum

208 1978 449 2046 conuersatum'
464 1980 564 2042 luisse
587 1978 767 2060 prodebat:
797 1997 872 2039 nam
894 1997 994 2076 arma,
1011 1978 1130 2057 quibus
1155 1976 1200 2040 illi
1221 1979 1281 2042 soli
1299 1991 1442 2059 utuntur,
1459 1981 1556 2045 fabri-

208 2125 280 2168 care
302 2112 449 2166 nouerat.
497 2100 572 2172 Hic,
588 2120 662 2162 cum
684 2099 740 2160 diu
762 2119 805 2160 ex
827 2097 1017 2160 uenditione
1036 2098 1166 2160 diuersa
1187 2102 1360 2180 probasset
1380 2103 1526 2164 dominia
1536 2102 1558 2181 ³,

206 2227 247 2288 ad
272 2220 725 2308 mercatoremrpostmodum
750 2219 895 2292 deuenit,
916 2219 970 2299 qui
995 2219 1023 2279 ei
1048 2219 1180 2298 pietatis
1204 2221 1322 2284 intuitu
1349 2223 1461 2304 iugum
1483 2222 1556 2286 lax-

205 2347 273 2410 auit
299 2345 427 2408 seruile.
475 2343 550 2416 Hic,
574 2337 712 2424 optata⁴
735 2340 886 2403 libertate
911 2339 1043 2420 potitus,
1067 2340 1097 2400 in
1125 2341 1293 2404 ciuitatem
1322 2342 1464 2420 deuenit,
1491 2365 1556 2426 que

196 2463 436 2548 holmgarder⁵
457 2462 651 2546 appellatur,
670 2473 704 2525 et
727 2461 758 2523 in
782 2461 884 2582 domo
906 2461 1075 2523 cuiusdam
1098 2460 1248 2544 religiose
1273 2474 1422 2526 matrone
1445 2463 1556 2546 hospi·

30 2559 32 2582 Ι
92 2577 107 2606 ²
203 2587 342 2650 talitatis
371 2567 478 2668 gratia
507 2593 686 2664 susceptus,
714 2583 834 2644 mansit
864 2601 922 2662 per
948 2582 1018 2644 dies
1048 2580 1185 2664 aliquot.
1232 2582 1353 2647 Mulier
1378 2594 1500 2664 autem,
1524 2588 1555 2649 in

106 2721 111 2726 ’
204 2708 294 2771 beati
321 2707 463 2770 martiris
489 2705 576 2768 olaui
603 2703 726 2766 honore
753 2704 899 2766 existens
925 2702 1048 2780 sedula,
1071 2703 1113 2766 ad
1142 2704 1287 2784 singulas
1310 2703 1407 2767 horas
1432 2707 1462 2768 in
1487 2709 1555 2770 eius

205 2826 343 2892 ecclesia
363 2825 567 2890 orationibus
588 2823 800 2888 incumbebat
810 2823 832 2886 ⁰.
878 2823 1038 2886 Nocturni
1061 2823 1160 2904 igitur
1183 2827 1340 2906 temporis
1364 2826 1444 2889 hora
1466 2828 1554 2890 uisus

204 2956 255 3012 est
277 2968 298 3010 a
320 2967 356 3010 se
379 2945 483 3009 uideri
504 2945 621 3008 beatus
641 2944 754 3007 martir
771 2942 895 3014 olauus,
915 2942 1098 3024 precipiens
1118 2943 1180 3006 sibi
1199 2954 1235 3007 ut
1258 2945 1421 3026 prefatum
1442 2969 1553 3012 secum

239 3114 248 3146 ¹
267 3113 400 3170 natatalis
412 3114 451 3184 by
463 3131 541 3169 error
553 3113 581 3167 in
596 3113 624 3168 C.
632 3114 661 3168 C.
669 3115 697 3168 C.

237 3202 249 3234 ²
267 3205 395 3273 Sect.19.
408 3204 440 3258 S.
479 3203 594 3256 Lacuna
606 3201 635 3255 in
647 3203 749 3269 Hom.;
768 3202 834 3272 Leg.
844 3201 931 3272 Saga,
942 3217 963 3255 c.
978 3215 1042 3266 124;
1060 3202 1248 3256 Fommanna
1258 3205 1363 3275 Sagun
1373 3207 1407 3260 V.
1419 3221 1467 3260 221
1479 3224 1486 3273 ;
1505 3219 1555 3262 not

203 3291 231 3345 in
245 3290 342 3347 Snorri
355 3308 388 3344 or
400 3291 525 3360 Flateyb.
548 3291 610 3344 The
623 3290 775 3344 translator
788 3288 847 3343 into
861 3288 918 3344 Old
932 3289 1024 3342 Norse
1038 3287 1066 3342 in
1080 3290 1127 3343 the
1142 3290 1309 3360 Legendary
1319 3293 1395 3361 Saga
1408 3294 1441 3346 os
1450 3295 1479 3348 S.
1489 3295 1559 3348 Olaf

202 3379 260 3433 had
272 3379 359 3433 taken
372 3377 545 3447 ‘Varingus’
557 3387 587 3432 to
606 3393 690 3432 mean
705 3378 919 3431 Norseman—at
931 3375 1064 3444 meaning
1080 3387 1109 3430 to
1126 3377 1162 3432 be
1175 3377 1264 3432 found
1272 3381 1382 3448 passim
1395 3379 1423 3434 in
1438 3379 1555 3452 pzhreks

203 3467 289 3537 Saga,
309 3483 367 3536 eg.
389 3467 438 3521 82:
465 3465 584 3520 ‘Velent
608 3482 639 3519 er
660 3463 818 3534 Vaeringjar
841 3463 917 3517 kalla
936 3464 1066 3518 Vo'lund!
1103 3465 1165 3518 The
1186 3465 1277 3520 Baltic
1299 3467 1322 3520 is
1344 3469 1436 3521 called
1456 3469 1494 3536 by
1516 3486 1553 3524 an

202 3553 327 3608 Arabian
341 3553 433 3608 writer
445 3553 599 3620 Al-Blruni‚
613 3553 676 3606 ‘the
688 3551 851 3620 Varangian
872 3553 944 3606 Sea!
981 3553 1076 3605 These
1088 3552 1267 3622 Varangians
1281 3571 1329 3608 are
1348 3556 1471 3624 perhaps
1491 3557 1555 3612 best

201 3641 303 3695 known
328 3651 359 3697 to
382 3642 432 3697 the
457 3640 577 3710 English
602 3641 702 3694 reader
720 3639 792 3692 srorn
812 3639 921 3693 Walter
940 3640 1041 3693 Scott's
1066 3641 1157 3706 novel,
1178 3641 1272 3694 Coun!
1289 3642 1391 3694 Robert
1409 3643 1445 3712 os
1458 3643 1553 3699 Pan's.

165 3717 169 3726 ’
201 3729 282 3798 They
294 3746 367 3783 were
379 3737 429 3782 not
442 3728 479 3782 all
494 3729 663 3795 Northmen‚
676 3727 726 3781 but
739 3727 773 3780 os
787 3726 898 3780 various
917 3726 1116 3794 nationalities,
1129 3743 1152 3780 e.
1164 3745 1191 3796 g.
1206 3728 1401 3796 Englishmen,
1416 3731 1478 3782 who
1496 3731 1553 3784 had

201 3816 273 3872 been
292 3816 389 3871 driven
408 3815 481 3868 from
498 3815 584 3869 home
602 3816 640 3883 by
653 3817 701 3869 the
721 3817 850 3868 Nomian
871 3815 1022 3884 Conquest.
1055 3816 1117 3868 The
1136 3816 1302 3884 etymology
1318 3817 1350 3869 of
1365 3817 1413 3871 the
1432 3817 1509 3870 word
1529 3817 1553 3871 is

201 3903 327 3959 obscure
360 3905 446 3958 Some
455 3901 541 3968 ‚think
553 3902 763 3972 it=‘vaeringr’
772 3901 1012 3968 -‘conlederate,’
1022 3901 1104 3956 while
1117 3903 1213 3956 others
1227 3902 1322 3957 derive
1336 3903 1356 3957 it
1369 3903 1442 3958 from
1456 3903 1554 3958 ‘vaeri’

205 3993 383 4058 =‘shelter;’
401 3990 449 4044 the
461 3991 620 4045 Northmen
633 3991 719 4059 being
733 3988 884 4044 ‘metoeci’
897 3987 925 4042 in
939 3989 1043 4042 Russia
1055 3989 1112 4043 and
1131 3990 1179 4044 the
1193 3991 1271 4044 East.
1310 3991 1364 4044 We
1383 3992 1461 4046 learn
1480 3993 1552 4047 from

201 4080 249 4136 the
261 4081 352 4135 above
365 4078 426 4134 that
439 4078 507 4147 they
519 4095 592 4133 wore
605 4077 759 4148 peculiarly
772 4076 921 4132 iashioned
934 4093 1055 4131 armour.
1259 4075 1270 4108 ³
1289 4077 1433 4133 dominica
1446 4081 1477 4134 S.

236 4168 247 4198 ⁴
265 4177 361 4238 optate
374 4165 403 4221 in
417 4166 519 4222 C.C.C.
697 4163 708 4194 ⁶
728 4164 919 4234 Holingarder
932 4164 959 4218 in
975 4166 1003 4219 C.
1011 4165 1040 4218 C.
1048 4165 1076 4218 C.
1257 4162 1267 4193 ⁰
1287 4167 1314 4219 S.
1331 4167 1409 4221 Luke
1423 4166 1456 4221 xi.
1472 4168 1514 4222 26.
