3832 4760
350 380 386 434 90
588 363 743 424 PASSIO
773 363 835 423 ET
858 363 1094 426 MIRACt'Ln
1129 364 1213 422 Bar
1225 364 1270 422 TI
1298 362 1440 422 ΟΜΝ.

349 579 435 640 tendi
464 583 664 663 suscepisset,
694 583 814 647 montis
840 583 936 648 uicini
969 583 1081 657 latera,
1111 584 1231 646 uirtute
1261 584 1382 678 diuina,
1411 583 1522 665 inpetu
1550 578 1690 642 mirabili

347 708 420 760 sunt
439 702 568 780 precisa,
588 704 641 766 ubi
661 706 873 786 postmodum
896 705 1024 786 lapides
1046 707 1088 768 ad
1110 726 1193 786 opus
1217 706 1354 767 idoneos
1377 704 1574 766 sufficienter
1597 700 1689 764 colli·

345 829 433 900 gunt,
449 831 481 884 et
498 822 639 887 laborem
655 824 771 888 edificii
788 825 1002 888 deuotissime
1017 825 1167 888 subeunt.

430 941 483 1002 In¹
500 945 640 1025 quadam
656 946 755 1008 etiam
772 946 944 1024 prouintia,
961 944 1087 1007 ciuitati
1105 945 1220 1017 uicina,
1237 944 1376 1025 contigit
1395 945 1563 1024 quendam
1580 941 1686 1004 insan-

295 1039 301 1057 ι
345 1059 447 1122 tulum
468 1084 487 1124 a
505 1065 693 1144 parentibus
711 1063 889 1139 oberrasse,
910 1064 976 1144 qui,
997 1063 1082 1124 inter
1105 1063 1263 1124 conuiuas
1286 1064 1465 1140 constituti,
1480 1063 1524 1124 ad
1547 1081 1688 1144 queren-

344 1181 421 1241 dum
451 1203 584 1263 puerum
615 1185 657 1245 ab
687 1184 733 1244 eis
763 1183 923 1244 auxilium
956 1191 1129 1261 expetunt.
1176 1181 1361 1260 Peragratis
1393 1182 1504 1261 itaque
1534 1181 1689 1244 omnibus

344 1300 487 1364 eiusdem
511 1302 586 1365 uille
610 1303 736 1375 finibus,
761 1303 803 1363 de
827 1300 952 1364 infante
976 1301 1074 1364 nichil
1099 1300 1285 1381 reperiunt;
1321 1321 1381 1363 nec
1405 1299 1509 1362 labori
1532 1300 1689 1362 cedentes

342 1423 481 1484 secunda
506 1425 559 1486 die
584 1423 699 1484 iterum
730 1431 880 1502 querunt.
929 1421 1080 1502 Cumque
1104 1420 1233 1503 fatigati
1261 1420 1387 1484 nullum
1411 1420 1488 1482 inde
1511 1418 1688 1500 uestigium

343 1544 540 1623 reperissent,
556 1542 706 1604 dolentes
725 1545 846 1623 pariter
862 1551 1078 1616 reuertuntur,
1095 1553 1128 1604 et
1145 1541 1231 1604 sacta
1247 1542 1457 1605 inuocatione
1477 1540 1520 1604 ad
1536 1548 1689 1602 sanctum
1729 1587 1732 1594 .

342 1662 481 1740 olauum,
497 1663 666 1726 collectam
682 1663 806 1734 faciunt
828 1664 1009 1725 secundum
1034 1662 1236 1742 singulorum
1260 1662 1443 1739 facultates,
1459 1671 1500 1738 et,
1517 1662 1689 1724 mittentes

342 1784 383 1844 ad
404 1784 571 1845 ecclesiam
595 1785 698 1846 sancti
722 1782 873 1855 martiris,
893 1783 995 1844 tercio
1018 1782 1080 1844 sub
1101 1782 1171 1843 eius
1191 1782 1331 1844 obtentu
1351 1802 1487 1862 querere
1509 1789 1689 1862 temptant.

344 1898 528 1982 Statimque
551 1913 718 1975 exeuntes,
742 1903 774 1964 in
798 1903 945 1982 quodam
973 1900 1047 1964 loco
1071 1921 1174 1981 prope
1196 1899 1343 1976 domum,
1364 1919 1464 1981 quem
1492 1902 1581 1981 prius
1608 1900 1689 1962 satis

343 2021 551 2102 perlustrasse
574 2022 777 2096 uidebantur,
799 2021 1019 2083 dormientem
1044 2020 1222 2096 inueniunt,
1246 2029 1280 2082 et
1302 2019 1426 2082 alacres
1449 2020 1525 2084 lacti
1548 2020 1687 2082 domum

343 2149 552 2213 reuertuntur,
569 2161 665 2220 super
684 2141 826 2216 inuent0‚
842 2159 942 2220 quem
964 2140 1053 2220 prius
1068 2139 1232 2220 perditum
1249 2138 1460 2214 defleuerant,
1476 2140 1602 2202 domini
1619 2139 1688 2202 lau·

343 2261 457 2322 dantes
477 2261 637 2341 magnalia
645 2259 665 2335 ²,
682 2262 736 2340 qui
755 2279 813 2340 pro
830 2260 982 2339 agonista
999 2280 1058 2320 suo
1074 2269 1124 2321 tot
1141 2259 1340 2340 dignabatur
1354 2260 1480 2340 operari
1499 2259 1664 2322 miracula.

584 2525 631 2573 DE
657 2524 800 2574 lUUENE
824 2526 847 2571 Α
873 2523 1039 2572 DOMlNlO
1064 2524 1216 2572 DlABOLl
1241 2524 1436 2574 LIBERATO.

427 2674 593 2737 Breuiter³
622 2674 763 2756 quedam
799 2673 1062 2756 perstrinximus,
1087 2693 1152 2754 que
1183 2695 1243 2755 pro
1275 2675 1407 2738 martire
1441 2683 1502 2736 suo'
1531 2674 1685 2738 dominus
1728 2689 1730 2697 ⁴

209 2807 212 2814 '
290 2845 297 2855 .
341 2806 492 2876 operatur
513 2795 674 2873 benefitia,
690 2805 739 2858 set
758 2795 843 2857 inter
858 2803 966 2857 cetera
983 2813 1048 2855 non
1065 2794 1236 2856 minimum
1255 2793 1392 2872 uidetur,
1408 2795 1498 2876 quod
1515 2795 1581 2858 iam
1598 2815 1685 2860 nunc

264 2903 269 2914 ¹
342 2926 465 2979 mentes
491 2916 599 2998 pulsat
625 2915 781 2978 fidelium.
829 2913 924 2978 Sicut
952 2914 1040 2976 enirn
1069 2913 1176 2976 fidelis
1210 2913 1383 2978 cuiuslibet
1411 2903 1522 2978 anima
1548 2907 1685 2997 corpore
1708 2911 1723 2922 “

205 3059 307 3134 ,μὴ
341 3020 468 3099 constat
487 3057 529 3099 ex
550 3024 667 3098 natura
680 3034 888 3116 prestantior,
904 3035 950 3096 ita
966 3034 1035 3096 eius
1052 3054 1140 3096 mors
1155 3035 1295 3115 grauior,
1312 3045 1345 3098 et
1367 3036 1493 3098 curatio
1508 3035 1686 3117 preciosior

341 3158 529 3219 estimanda.
574 3155 729 3217 Inimicus
756 3154 878 3217 etenim
909 3154 1044 3216 humani
1075 3153 1215 3235 generis,
1242 3155 1332 3236 quod
1360 3154 1393 3217 in
1423 3155 1576 3236 paradiso
1607 3154 1683 3237 egit,

340 3275 400 3339 hoc
415 3276 534 3338 cotidie
549 3275 717 3337 nobiscum
733 3295 831 3355 agere
852 3293 919 3336 non
942 3273 1074 3336 desinit.
1121 3274 1289 3337 Proiectus
1312 3293 1457 3356 namque
1479 3275 1682 3358 singulorum

341 3395 503 3460 mentibus
519 3395 650 3458 molitur
665 3394 812 3472 euellere,
828 3403 861 3458 et
883 3393 961 3458 ficta
982 3414 1041 3457 sue
1062 3393 1288 3476 promissionis
1308 3393 1537 3460 blandimenta
1557 3394 1683 3486 inferre.

341 3515 437 3598 Quod
453 3517 539 3580 enim
555 3516 636 3578 deus
652 3514 795 3576 minatur
809 3513 942 3596 lenigat,
960 3523 993 3577 et
1015 3514 1057 3577 ad
1075 3515 1286 3588 credendum,
1303 3514 1393 3596 quod
1410 3513 1494 3578 salso
1510 3516 1682 3596 promittit,

340 3637 475 3714 inuitat;
503 3635 642 3698 honores
672 3634 845 3716 pollicetur
872 3634 1082 3715 temporales,
1104 3643 1139 3696 et
1161 3633 1322 3716 supplicia
1349 3633 1485 3716 leuigat,
1513 3655 1579 3716 que
1602 3635 1683 3698 deus

340 3758 479 3819 minatur
501 3766 621 3819 eterna.
668 3753 742 3817 Hac
768 3754 921 3818 elationis
947 3764 1041 3836 peste
1065 3755 1191 3835 primus
1213 3753 1370 3818 seductus
1393 3764 1444 3818 est
1467 3775 1594 3836 parens,
1617 3777 1682 3838 qua

373 3915 380 3946 ¹
401 3917 616 3984 Sect.16,caret
634 3917 665 3972 S.
701 3916 786 3969 Hom.
804 3889 861 3984 l63‚
874 3916 947 3970 Mir.
960 3914 1021 3981 xvi;
1039 3915 1107 3986 leg.
1119 3915 1208 3986 Saga,
1225 3929 1271 3970 121
1279 3934 1287 3981 ς
1305 3915 1484 3986 Flateyb.11.
1503 3931 1552 3986 391
1560 3936 1567 3983 ;
1586 3927 1635 3972 not
1653 3917 1680 3971 in

339 4003 455 4057 Snoni’s
470 4004 549 4074 Olass
560 4004 646 4074 Saga.
1026 3999 1223 4056 ²Wonderlul
1236 4002 1346 4058 works:
1367 4003 1514 4073 Ducange.

372 4088 383 4119 ³
401 4092 475 4146 Sect.
488 4105 526 4159 17,
536 4097 611 4144 care!
618 4091 647 4144 S.
678 4091 710 4144 ln
720 4090 806 4144 Hom.
821 4091 878 4158 164,
892 4091 965 4144 Μὶν.
976 4089 1047 4155 xvii;
1065 4089 1189 4158 Floreyb.
1203 4089 1241 4143 ll.
1251 4103 1315 4158 391;
1333 4089 1399 4160 Leg.
1410 4091 1498 4161 Saga,
1512 4105 1559 4144 122
1566 4109 1577 4158 ;
1594 4089 1681 4146 notin

340 4178 457 4231 Snorri’s
472 4179 551 4248 Olasr
562 4179 647 4249 Saga.
