3832 4760
319 377 354 430 9⁴
558 359 712 418 Panum
741 359 803 417 ET
826 361 1060 420 ,tarracona
1095 363 1235 421 BlautTl
1263 363 1406 421 untur.

318 595 448 655 puerum
476 580 517 641 ad
543 578 710 641 ecclesiam
729 582 857 657 -ducat;
890 583 978 662 quod
1007 584 1118 645 statim
1147 585 1188 645 ad
1219 583 1429 646 matutinales
1457 582 1554 643 horas
1583 601 1658 661 pro-

318 717 432 777 perans
454 701 634 780 exequitur.
681 701 830 782 Cumque
854 703 885 764 in
905 703 1074 766 ecclesiam
1095 704 1191 766 simul
1211 705 1369 777 uenirent,
1386 723 1475 783 puer,
1495 703 1575 764 haut
1598 703 1654 764 diu

318 829 466 897 moratus,
482 841 597 902 sopore
620 821 799 897 resoluitur,
817 833 849 884 ct
872 825 937 904 qui,
955 825 1078 887 mulieri
1104 826 1191 906 prius
1216 845 1388 905 apparens,
1407 826 1588 887 curandum
1612 825 1655 884 ad

317 939 482 1003 ecclesiam
505 943 621 1005 adduci
645 943 799 1024 precepit,
817 943 909 1005 uultu
934 955 967 1006 et
990 944 1104 1006 habitu
1129 944 1287 1024 probatur
1306 945 1528 1024 postmodum,
1544 944 1656 1006 diuina

316 1059 444 1125 fauente
466 1063 577 1142 gratia,
601 1063 801 1125 curationem
825 1083 926 1143 puero
949 1083 1110 1143 apparens
1133 1063 1319 1126 contulisse.

642 1403 690 1450 DE
713 1400 928 1451 CURATIONE
953 1401 1059 1450 lttiuls
1085 1401 1319 1450 Nontwnctu.

400 1568 540 1652 lllagno¹
568 1581 641 1652 post
672 1570 811 1632 martiris
839 1569 1076 1632 exaltationem
1105 1569 1238 1632 euoluto
1262 1581 1420 1649 tempore,
1445 1569 1475 1630 in
1500 1568 1573 1631 loco
1600 1569 1654 1630 ubi

212 1655 217 1678 .
251 1652 261 1672 .

167 1668 211 1725 rs
314 1693 476 1772 sanguinis
511 1691 665 1754 effusione
698 1692 740 1753 ad
775 1691 842 1753 uite
876 1691 1047 1752 brauium²
1080 1689 1162 1752 felici
1198 1691 1348 1752 transiuit
1382 1691 1589 1771 compendio
1621 1691 1654 1751 in

314 1812 433 1874 honore
460 1813 557 1892 ipsius
583 1810 737 1873 fabricata
765 1823 814 1873 cst
843 1810 1010 1873 ecclcsiat
1056 1810 1268 1872 Aduenientc
1291 1819 1402 1872 autem
1427 1813 1593 1892 episcopo,
1617 1823 1655 1874 ut

314 1931 481 1993 ecclesiam
511 1932 685 2006 dedicaret,
715 1931 852 2010 contigit
884 1951 994 2009 regem
1027 1930 1057 1990 in
1089 1930 1206 1991 cadem
1238 1931 1401 2010 prouintia
1433 1951 1472 1991 eo
1503 1941 1654 2010 tempore

314 2052 453 2132 grauiter
479 2050 693 2131 languescere.
739 2047 833 2110 Genu
859 2070 1001 2130 namque
1028 2049 1128 2129 ipsius
1156 2059 1250 2111 tanto
1277 2047 1516 2130 apostematis4
1539 2051 1654 2113 dolore

313 2170 471 2251 affligitur,
500 2181 535 2232 ut
565 2179 670 2232 totum
701 2189 772 2231 crus
803 2189 877 2232 cum
910 2169 1002 2249 tybia
1029 2167 1223 2231 intolerabili
1255 2179 1385 2231 tumore
1412 2170 1552 2251 rigidum
1580 2191 1654 2252 per-

315 2301 467 2354 maneret.
514 2289 706 2352 lnlirmitate
733 2309 811 2370 ergo
837 2301 1047 2370 aggrauante,
1075 2299 1108 2352 et
1136 2292 1178 2352 ad
1206 2289 1448 2352 dedicationem
1476 2291 1655 2354 deuotione

313 2412 474 2485 incitante,
505 2410 648 2474 defertur
679 2411 722 2473 ad
761 2429 888 2487 nauem,
922 2419 955 2473 et
990 2409 1123 2472 flumine
1162 2429 1264 2490 prope
1304 2409 1475 2472 ecclesiam
1513 2411 1653 2474 ducitur.

314 2533 439 2594 Deinde
465 2553 485 2594 a
512 2530 664 2592 ministris
688 2528 838 2593 uehiculo
864 2529 1035 2605 deductuS,
1058 2531 1089 2591 in
1114 2529 1250 2592 ecclesia
1278 2539 1327 2592 est
1354 2528 1491 2592 locatus
1538 2529 1654 2594 offitio
1769 2508 1771 2516 Ι

312 2665 420 2716 autem
449 2673 536 2715 more
562 2650 733 2732 sollempni
761 2649 935 2732 complet0,
959 2661 1148 2732 suggestum
1177 2659 1227 2712 est
1252 2649 1320 2731 regi
1348 2649 1391 2712 de
1418 2649 1528 2732 lapide
1553 2647 1656 2732 super

310 2795 407 2854 quem
438 2773 551 2835 beatus
581 2772 694 2834 martir
722 2771 882 2848 occubuit,
913 2771 969 2852 qui
998 2770 1106 2833 adhuc
1138 2770 1297 2851 sanguine
1330 2779 1463 2834 notatur
1492 2791 1653 2852 asperam,

311 2894 400 2956 cuius
430 2893 598 2955 summitas
629 2893 671 2954 ab
704 2893 775 2973 ipso
807 2890 901 2954 altari
935 2891 1021 2954 foras
1055 2891 1273 2972 prominebat.
1328 2889 1504 2953 Accedens
1538 2902 1652 2954 autem

312 3034 378 3088 rex,
405 3033 488 3094 genu
516 3024 548 3075 et
574 3022 683 3075 cetera
708 3012 855 3074 dolentia
881 3011 954 3075 loca
980 3011 1081 3092 lapidi
1111 3010 1274 3091 apposuit.
1328 3009 1401 3072 Nec
1429 3031 1530 3088 mora,
1558 3019 1654 3075 tanta

312 3134 383 3196 ilico
409 3132 517 3196 diuine
542 3133 672 3214 pietatis
699 3132 831 3194 ubertas
853 3131 955 3209 affuit,
978 3142 1015 3194 ut
1038 3132 1154 3194 eodem
1179 3150 1317 3211 uespere
1340 3140 1451 3194 tumor
1472 3133 1653 3210 sedaretur,

346 3317 354 3347 ¹
372 3320 446 3373 Sect.
457 3333 499 3373 20.
510 3319 551 3385 S.,
563 3318 612 3372 but
624 3319 690 3387 only
703 3317 761 3372 first
773 3317 838 3386 line,
853 3317 977 3387 Contigit
990 3319 1076 3374 etiam
1090 3318 1119 3372 in
1132 3319 1203 3386 loco,
1213 3318 1261 3388 qui
1276 3317 1474 3374 Stielastather
1486 3318 1609 3374 dicitur.
1625 3361 1632 3374 .
1647 3363 1653 3375 .

311 3405 401 3460 Given
417 3407 545 3460 however
560 3405 588 3458 in
601 3405 685 3459 Hom.
700 3405 756 3472 167,
770 3407 840 3459 Mir.
851 3425 902 3471 xx;
920 3406 1263 3477 andLeg.Saga‚e.125.
1296 3407 1414 3459 Storm's
1433 3405 1540 3460 edition
1556 3408 1589 3462 of
1604 3409 1653 3462 the

310 3494 460 3563 fragments
473 3493 505 3546 of
517 3494 563 3548 the
582 3492 662 3546 Latin
675 3493 777 3562 legend
789 3493 860 3546 ends
872 3494 947 3562 here,
961 3511 992 3548 as
1012 3494 1047 3548 he
1061 3511 1117 3547 was
1131 3505 1179 3548 not
1193 3511 1284 3547 aware
1297 3493 1330 3546 of
1341 3493 1389 3548 the
1402 3493 1545 3549 existence
1558 3495 1591 3549 of
1605 3498 1653 3551 the

311 3583 339 3636 C.
348 3582 412 3636 CC.
427 3583 488 3636 MS.
527 3583 611 3634 From
629 3580 686 3634 this
704 3579 783 3650 point
802 3581 849 3634 the
870 3582 898 3635 C.
907 3582 935 3636 C.
943 3582 973 3636 C.
989 3583 1051 3636 MS.
1065 3581 1098 3634 of
1113 3581 1160 3636 the
1179 3581 1299 3650 original
1318 3581 1421 3650 legend
1440 3581 1566 3651 supplies
1577 3585 1652 3639 what

310 3687 366 3723 was
379 3669 519 3738 supposed
531 3679 559 3722 to
571 3669 607 3722 be
620 3667 737 3736 entirely
750 3669 804 3721 lost
818 3667 846 3720 in
861 3668 952 3724 Latin.

344 3756 354 3787 ²
373 3757 388 3811 i.
399 3773 423 3811 e.
437 3755 739 3825 brabeum=fipafieiov,
752 3757 800 3810 the
813 3755 895 3824 prize.

344 3843 354 3874 ⁸
372 3843 441 3898 This
451 3845 553 3898 chureh
567 3843 590 3897 is
603 3853 677 3897 most
687 3842 772 3910 likely
780 3844 828 3896 the
841 3854 922 3898 stone
935 3843 1035 3898 edifica
1045 3843 1101 3898 still
1113 3844 1247 3914 standing
1257 3855 1285 3899 at
1297 3844 1472 3900 stikktestad
1483 3845 1576 3900 where
1586 3846 1657 3900 Olaf

309 3933 362 4000 fell,
373 3947 441 3985 near
448 3933 496 3986 the
506 3931 579 3986 head
588 3931 621 3984 of
629 3932 677 3985 the
687 3929 953 3999 Trondhjem-fiord.
984 3932 1022 3984 At
1034 3931 1083 3986 the
1093 3943 1227 3986 entrance
1236 3942 1302 4002 gate
1313 3933 1337 3986 is
1347 3951 1365 3987 a
1374 3933 1465 3987 round
1478 3934 1573 3988 Saxon
1583 3934 1652 3988 arch

311 4019 375 4073 with
385 4019 451 4074 fillet
460 4029 629 4086 ornaments,
639 4017 746 4073 similar
754 4027 783 4072 to
794 4019 875 4079 those
888 4035 924 4072 on
935 4019 982 4073 the
992 4019 1083 4074 round
1093 4021 1192 4075 arches
1203 4021 1231 4074 in
1242 4021 1290 4076 the
1301 4029 1427 4090 transept
1437 4020 1470 4073 of
1476 4017 1652 4090 Trondhjem

313 4107 469 4162 cathedra.
506 4107 559 4162 aee
573 4105 683 4176 tanges
695 4107 831 4174 rum-way,
845 4124 870 4176 p.
881 4107 924 4161 66.
1063 4085 1139 4178 k

348 4193 358 4222 ⁴
377 4196 581 4262 Apostema=a
593 4194 662 4248 kind
675 4194 706 4248 of
715 4194 883 4248 carbuncle:
905 4197 1050 4262 Ducange.
