3832 4760
341 387 394 441 106
575 383 731 442 PASSIO
762 383 822 441 ET
846 383 1081 442 MIRACFLA
1118 383 1257 440 IJEATI
1287 383 1430 442 OLAUI.

379 725 426 773 DE
451 725 595 776 HOMINE
620 729 665 776 ΑΒ
690 728 842 776 INSrlNlA
869 727 915 775 ET
940 725 1159 776 MULTlPLlCl
1184 726 1365 776 CORPORIS
1391 727 1639 778 lNFIRMlTATE

905 846 1100 895 LIBERATO.

421 1029 459 1092 In
476 1031 630 1112 superiori
650 1032 824 1113 prouincia,
846 1049 911 1110 que
933 1027 1092 1109 rayndal¹
1115 1028 1310 1110 appellatur,
1329 1039 1399 1092 erat
1419 1031 1554 1112 quidam
1578 1032 1680 1096 homo

337 1147 467 1229 porias²
487 1152 624 1228 nomine,
641 1153 697 1232 qui
721 1152 781 1212 sibi
806 1169 945 1211 uxorem
968 1169 1089 1230 genere
1112 1167 1302 1228 comparem
1326 1151 1462 1230 accepit.
1510 1150 1585 1228 Hic,
1604 1172 1679 1214 cum

335 1271 367 1330 in
394 1271 494 1347 bonis,
517 1291 580 1352 que
601 1270 664 1334 sibi
686 1291 707 1334 a
730 1270 920 1350 parentibus
948 1269 1061 1332 relicta
1088 1267 1225 1345 fuerant,
1248 1269 1290 1330 ad
1318 1277 1450 1350 tempus
1477 1267 1561 1332 selici
1588 1289 1680 1350 pros·

335 1403 499 1470 peraretur
528 1411 686 1467 successu,
717 1399 786 1454 tam
818 1389 982 1452 horrenda
1016 1409 1190 1470 percussus
1221 1399 1272 1451 est
1299 1389 1461 1470 passione,
1492 1399 1528 1451 ut
1554 1391 1680 1452 cunctis

333 1513 364 1572 in
390 1513 602 1574 admiratione
629 1511 727 1589 tieret,
754 1511 895 1594 qualiter
918 1531 1020 1572 unum
1048 1510 1233 1574 miserabile
1258 1530 1377 1592 corpus
1404 1519 1474 1573 tam
1503 1508 1678 1592 multiplex

333 1631 442 1694 diuine
473 1633 763 1696 animaduersionis
793 1633 840 1694 ira
871 1631 1073 1714 percelleret.
1135 1630 1241 1696 Simul
1276 1651 1419 1714 namque
1453 1632 1677 1696 membrorum

333 1753 476 1814 omnium
499 1753 627 1834 paralisi
651 1772 823 1834 percussus
845 1762 904 1828 est,
930 1763 963 1814 et
988 1753 1108 1814 mentis
1132 1752 1356 1815 inualitudine.
1400 1750 1531 1814 Amens
1554 1752 1676 1816 etenim

334 1871 436 1934 sactus
455 1882 533 1946 erat,
552 1874 668 1934 surdus
690 1883 724 1935 et
748 1882 867 1948 mutus,
887 1873 938 1934 cui
962 1871 1060 1934 nichil
1083 1873 1173 1952 quod
1197 1870 1339 1933 hominis
1363 1881 1412 1934 est
1436 1871 1584 1934 relictum
1604 1891 1677 1933 esse

335 1991 513 2065 uidebatur,
540 1991 600 2053 nisi
629 1991 717 2053 solus
746 1990 920 2053 hanelitus
979 1989 1040 2055 Set
1071 2010 1147 2053 cum
1175 1989 1289 2064 multa,
1317 2011 1383 2070 que
1413 1990 1503 2071 prius
1529 1990 1677 2052 inaudita

334 2120 417 2186 sunt,
439 2111 470 2171 in
497 2109 590 2172 huius
616 2109 757 2173 hominis
781 2109 965 2192 egritudine
993 2109 1168 2186 euenirent,
1193 2109 1274 2172 illud
1300 2109 1534 2192 preomnibus
1558 2109 1677 2172 miran-

335 2231 412 2292 dum
436 2230 596 2303 existimo,
613 2229 754 2312 qualiter
775 2237 851 2292 octo
875 2229 1048 2292 continuas
1071 2230 1284 2307 ebdomadas,
1304 2239 1337 2292 et
1360 2237 1435 2311 post
1459 2229 1678 2306 interuallum,

334 2361 410 2426 tres,
431 2351 500 2414 sine
524 2351 709 2432 gustatione
737 2350 800 2414 cibi
823 2357 857 2413 et
881 2357 988 2432 potus,
1012 2349 1065 2412 uel
1088 2350 1178 2411 omni
1202 2350 1347 2430 corporis
1373 2349 1541 2427 alimento,
1564 2350 1678 2412 uiuens

334 2473 549 2556 transsigeret.
595 2471 660 2534 Hic
687 2491 762 2534 cum
792 2491 851 2552 per
877 2470 982 2532 multa
1010 2470 1137 2532 uiarum
1164 2469 1352 2532 discrimina
1379 2489 1399 2531 a
1426 2470 1618 2550 parentibus
1643 2481 1677 2534 et

332 2593 452 2670 amicis,
466 2593 558 2676 quasi
574 2611 691 2674 corpus
709 2591 872 2668 exanime,
888 2591 931 2652 ad
954 2589 1125 2653 ecclesiam
1148 2590 1236 2654 beati
1257 2589 1345 2652 olaui
1366 2590 1547 2666 duceretur,
1563 2589 1676 2653 lauda·

331 2713 388 2776 bili
413 2714 590 2778 deuocione
614 2723 647 2776 et
675 2712 757 2774 mira
786 2710 977 2775 constancia
1000 2730 1123 2788 eorum,
1149 2711 1206 2792 qui
1238 2730 1314 2773 eum
1344 2710 1518 2787 duxerant,
1544 2730 1565 2772 a
1591 2709 1676 2774 sesto

330 2833 417 2900 beati
440 2834 614 2909 michaelis,
637 2852 741 2914 usque
766 2832 808 2894 ad
836 2839 1028 2914 perceptam
1054 2831 1207 2912 gratiam,
1231 2830 1292 2893 nisi
1319 2850 1395 2894 cum
1423 2831 1676 2895 necessitatibus

330 2955 471 3038 corporis
484 2955 747 3036 obsequerentur,
763 2953 817 3016 die
840 2959 1009 3033 noctuque
1032 2951 1064 3013 in
1088 2951 1225 3015 ecclesia
1246 2959 1397 3014 seruatus
1418 2959 1487 3027 est;
1509 2951 1566 3032 qui
1589 2970 1674 3029 cum,

330 3094 390 3157 pro
409 3095 467 3138 sua
486 3075 621 3148 miseria,
638 3092 697 3136 nec
716 3073 822 3136 eciam
842 3071 1083 3154 cogitacionem
1105 3080 1217 3153 posset
1237 3071 1281 3134 ad
1300 3072 1401 3135 deum
1422 3070 1571 3152 dirigere,
1589 3071 1674 3134 soci·

329 3215 434 3258 onim.
448 3193 546 3258 tidem
575 3201 609 3256 et
638 3192 753 3256 miram
783 3191 1009 3255 constanciam
1039 3192 1204 3254 credimus
1234 3191 1264 3254 ei
1294 3190 1473 3273 plurimum
1503 3188 1675 3272 profuisse.

330 3314 493 3379 Ueniente
524 3314 633 3394 itaque
661 3311 841 3375 sestiuitate
872 3311 964 3374 beati
998 3310 1096 3385 olaui,
1128 3329 1206 3374 eum
1239 3331 1284 3374 ex
1313 3309 1451 3374 diuersis
1484 3309 1674 3390 regionibus

328 3436 494 3498 innumera
523 3433 717 3516 populorum
740 3430 832 3494 fieret
855 3430 1066 3507 confluentia,
1089 3451 1201 3494 coram
1228 3431 1338 3513 posita
1362 3429 1575 3493 multitudine
1597 3449 1674 3492 cum

299 3581 301 3586 ·
327 3575 387 3636 pro
411 3554 557 3618 omnium
586 3553 691 3616 salute
717 3551 819 3614 uitale
844 3550 1039 3614 sacrificium
1070 3562 1263 3625 sumeretur,
1292 3550 1409 3614 eadem
1437 3549 1527 3625 hora,
1551 3569 1572 3612 a
1598 3549 1673 3613 loco

328 3675 382 3737 ubi
405 3675 528 3756 positus
546 3673 659 3751 luerat,
678 3672 770 3754 quasi
788 3671 926 3736 alicuius
944 3672 1083 3753 inpulsu,
1099 3672 1218 3736 subtus
1239 3671 1349 3752 ipsum
1370 3670 1524 3734 scrinium
1545 3669 1673 3734 cecidit.

327 3796 397 3858 Nec
414 3817 510 3872 mora,
526 3795 570 3858 ita
585 3814 683 3857 sanus
698 3794 850 3872 surrexit,
865 3802 902 3856 ut
922 3791 1047 3856 nullam
1068 3793 1102 3854 in
1123 3813 1164 3856 eo
1185 3791 1375 3856 huiusmodi
1392 3789 1543 3853 molestie
1559 3799 1673 3854 notam

324 3916 423 3980 luisse
448 3915 672 3998 perpenderes.
726 3913 859 3978 Gratias
889 3913 1002 3994 itaque
1031 3922 1164 3977 acturus
1194 3913 1238 3976 ad
1268 3911 1374 3976 altare
1403 3909 1547 3985 ueniens,
1579 3908 1674 3972 nobis

720 4099 728 4131 ¹
749 4103 776 4155 N
779 4119 823 4154 ow
837 4100 949 4155 Rendal
963 4099 991 4154 in
1006 4091 1150 4154 Osterdal.

719 4187 730 4220 ²
747 4189 878 4257 Thurias,
894 4187 1039 4242 Latinized
1052 4186 1124 4240 form
1138 4185 1171 4239 of
1180 4184 1267 4257 porir.
