3832 4760
313 319 348 371 86
555 315 708 374 PASSIO
737 315 800 374 ET
824 315 1060 376 rllerlle'Ial
1095 317 1238 375 ndns!
1266 318 1407 376 oziel.

312 544 438 595 tantum
463 535 605 598 excreuit
629 535 767 606 miseria,
792 545 827 598 ut
851 536 974 598 eisdem
998 535 1136 598 uinculis
1162 535 1339 616 mancipati
1362 536 1432 598 eius
1459 533 1653 598 dcfflercnt¹

313 655 479 730 miseriam,
505 656 590 717 unde
616 656 784 718 consilium
811 657 839 718 ci
871 663 1068 738 proponunt,
1096 665 1132 718 ut
1164 657 1318 718 uouendo
1349 667 1465 720 sancto
1489 677 1524 720 se
1549 658 1654 718 donet

314 776 432 838 martiri
447 775 551 852 olau0,
567 785 599 838 et
622 776 650 837 ei
670 787 829 857 perpetuo
851 777 883 838 in
903 797 962 838 sua
985 761 1131 850 ecclesia,
1146 777 1173 838 si
1195 798 1230 840 se
1251 777 1446 853 liberauerit,
1468 776 1654 840 famuletur.

199 931 208 948 ι
312 893 408 975 Quod
425 916 498 959 cum
513 905 679 977 gratanter
694 896 873 974 susciperet
892 895 1074 970 consilium,
1091 905 1188 957 nocte
1208 898 1368 976 sequenti,
1383 907 1417 960 et
1442 898 1527 960 inter
1546 897 1654 960 socios

311 1016 491 1093 dormienti,
507 1016 593 1076 uisus
609 1024 658 1076 est
674 1014 734 1075 sibi
752 1012 853 1076 homo
869 1022 995 1076 statura
1013 1015 1185 1076 mediocris
1200 1024 1319 1090 astare,
1329 1036 1430 1096 seque
1444 1015 1507 1108 hiis
1522 1017 1654 1098 placide

311 1135 411 1198 affari.
454 1133 529 1207 Cur,
546 1134 666 1213 inquid,
681 1154 702 1194 o
719 1133 825 1208 miser,
842 1153 907 1194 non
928 1130 1079 1213 surgis²?
1124 1131 1174 1194 At
1194 1133 1270 1196 ille:
1294 1133 1440 1197 Domine
1456 1136 1510 1208 mi,
1527 1145 1563 1197 tu
1579 1136 1654 1215 quis

311 1256 368 1318 es?
413 1253 613 1334 Respondit:
645 1253 719 1333 Ego
741 1273 824 1322 sum,
849 1252 973 1333 inquid,
996 1253 1051 1316 ille
1074 1251 1201 1324 olauus,
1226 1273 1325 1333 quem
1356 1262 1391 1316 tu
1420 1255 1556 1316 uocasti.
1607 1254 1654 1316 Et

310 1374 412 1436 dixit:
437 1373 585 1446 Domine,
602 1372 740 1434 libenter
754 1393 929 1454 surgerem,
945 1373 1002 1436 sed
1020 1394 1085 1436 uno
1102 1374 1187 1455 pede
1203 1375 1365 1454 compede
1380 1375 1531 1455 stringor,
1548 1373 1653 1436 altero

311 1515 382 1556 sum
402 1494 433 1555 in
454 1493 535 1555 boiis
553 1493 646 1556 sociis
669 1493 750 1556 meis
772 1493 1041 1558 concathenatus.
1087 1494 1137 1556 At
1160 1494 1216 1556 ille
1239 1495 1362 1576 inquid,
1384 1494 1490 1576 Surge
1510 1495 1586 1568 cito,
1608 1495 1653 1556 nil

310 1615 469 1690 dubitans,
485 1614 560 1695 quia
576 1613 657 1676 liber
672 1634 716 1676 es.
763 1613 885 1677 Statim
901 1615 1022 1695 itaque,
1038 1625 1074 1676 ut
1090 1635 1110 1677 a
1132 1635 1273 1696 sompno
1295 1616 1459 1679 excitatus
1482 1625 1540 1692 est,
1556 1616 1654 1678 sociis

312 1735 494 1815 sompnium
525 1733 652 1808 retulit3
684 1755 782 1814 quem
804 1735 916 1796 statim
938 1736 965 1796 si
991 1754 1105 1796 uerum
1133 1736 1175 1796 sit
1198 1736 1287 1814 quod
1308 1736 1435 1798 uiderat
1457 1735 1653 1798 hortantur³

312 1862 480 1933 temptare.
540 1851 583 1914 Et
608 1853 690 1925 ilico,
716 1863 753 1914 ut
783 1873 819 1914 se
849 1853 974 1933 erigere
1005 1853 1094 1914 uisus
1125 1863 1184 1926 est,
1206 1853 1309 1915 sensit
1336 1875 1371 1916 se
1401 1855 1492 1916 omni
1522 1856 1654 1916 uinculo

312 1973 490 2033 liberatum.
534 1969 677 2051 Quidam
702 1992 779 2034 uero
802 1993 846 2033 ex
868 1972 964 2034 sociis
983 1971 1045 2033 hoc
1068 1973 1095 2032 ei
1116 1971 1235 2034 frustra
1257 1983 1408 2035 asserunt
1427 1972 1560 2050 lactum,
1577 1993 1652 2036 curn

313 2091 428 2154 ostium
445 2091 588 2153 uectibus
603 2101 637 2153 et
651 2092 730 2154 seris
744 2091 922 2154 forinsecus
942 2091 1128 2154 firmissime
1150 2093 1323 2154 muniatur.
1370 2091 1516 2174 Quidam
1538 2105 1651 2156 autem

312 2231 422 2286 senex,
445 2211 500 2291 qui
529 2211 560 2272 in
590 2211 706 2274 eadem
736 2212 911 2274 tenebatur
940 2213 1101 2292 angustia,
1133 2210 1234 2273 nichil
1264 2212 1408 2275 hesitare
1437 2215 1480 2276 de
1511 2214 1654 2276 martiris

312 2331 462 2412 suffragio
481 2341 659 2404 ammonet,
674 2331 765 2394 cuius
786 2331 930 2394 euidenti
953 2331 1018 2393 iam
1042 2331 1181 2393 soluitur
1203 2332 1373 2405 beneficio
1391 2333 1499 2396 necin
1521 2354 1654 2409 uanum,

312 2451 432 2532 inquid,
448 2462 516 2513 tam
531 2451 658 2513 celebre
677 2452 877 2514 credendum
897 2459 948 2514 est
964 2451 1101 2533 prestari
1125 2451 1329 2530 miraculum,
1346 2463 1382 2514 ut
1403 2473 1454 2515 res
1471 2464 1540 2516 tam
1556 2453 1655 2528 clara,

312 2573 426 2636 merito
451 2591 562 2634 carens
582 2591 737 2653 prospero
761 2591 922 2645 successu,
945 2571 1075 2634 silentio
1100 2572 1206 2652 magis
1230 2584 1334 2653 quam¹
1353 2572 1452 2635 la'ude
1471 2573 1572 2654 digna
1594 2594 1652 2655 ap-

310 2703 430 2775 pareat,
450 2703 486 2754 ut
507 2692 629 2755 scilicet
652 2691 792 2754 martiris
815 2691 973 2754 benefitio
996 2711 1082 2772 pena
1105 2691 1221 2772 pocius
1243 2700 1368 2754 crescat
1388 2713 1488 2773 quam
1507 2693 1653 2756 libertas,

311 2812 545 2895 Expergiscere
560 2811 666 2894 igitur,
682 2821 715 2876 et
730 2813 830 2893 palpa
845 2811 977 2889 ostium,
993 2812 1083 2892 quod
1101 2811 1182 2874 dum
1198 2813 1319 2876 exieris
1335 2813 1378 2875 de
1396 2813 1503 2876 salute
1518 2833 1652 2876 securus

311 2934 382 2996 eris.
425 2931 523 3014 Quod
545 2933 590 2994 ita
612 2931 812 3006 factumest,
835 2951 912 2993 nam
935 2932 1057 2994 ostium
1081 2942 1232 3013 apertum
1254 2933 1384 3014 reperit,
1408 2943 1442 2996 et
1465 2933 1584 2995 iterum
1607 2935 1651 2996 ad

310 3073 441 3116 nemora
456 3051 570 3114 tendit.
614 3049 701 3132 Quid
718 3028 831 3114 mora?
877 3051 926 3114 Ut
941 3051 1004 3114 hoc
1026 3051 1201 3132 reperiunt,
1216 3041 1333 3114 solutis
1348 3053 1484 3114 canibus
1504 3062 1541 3116 ut
1561 3053 1653 3134 prius

311 3172 514 3252 inuestigant.
558 3171 647 3233 Iacet
668 3171 774 3248 miser,
788 3171 879 3233 uidet
895 3171 1091 3248 uenientes3
1114 3171 1174 3233 sed
1190 3170 1362 3234 hominum
1382 3173 1471 3234 uisus
1482 3172 1653 3254 caligatur,

311 3303 344 3356 et
369 3292 418 3354 uis
442 3291 543 3354 odora
566 3287 706 3352 canum⁴
735 3289 874 3352 naturali
904 3291 1053 3372 priuatur
1084 3290 1216 3364 effectu,
1241 3291 1354 3372 sicque
1387 3292 1552 3356 iacentem
1579 3312 1652 3375 per-

345 3451 353 3482 ¹
373 3450 420 3506 Sic
432 3450 460 3504 in
474 3451 574 3505 C.C.C.

344 3537 355 3568 ²
375 3540 407 3592 ln
426 3539 473 3592 the
488 3538 623 3591 Miracles
639 3538 675 3608 os
685 3539 715 3592 S.
730 3536 810 3608 John
828 3539 864 3608 os
874 3540 1018 3608 Beverley‚
1036 3538 1113 3594 cited
1130 3541 1222 3593 above
1239 3556 1266 3608 p.
1280 3539 1324 3607 67,
1344 3548 1411 3594 note
1423 3555 1449 3608 4,
1469 3557 1486 3592 a
1505 3541 1582 3595 clerk
1601 3540 1654 3596 lies

310 3626 429 3680 chained
438 3625 466 3678 in
477 3626 524 3679 the
533 3625 645 3694 lock-up
655 3636 683 3680 at
696 3625 885 3695 Cottingham.
920 3628 966 3680 He
976 3643 1061 3695 prays
1071 3637 1101 3679 to
1112 3627 1140 3680 S.
1150 3628 1235 3696 John,
1246 3628 1328 3680 when
1338 3627 1480 3681 forthwith
1492 3627 1559 3681 ‘Vir
1568 3629 1648 3698 quasi

310 3724 384 3767 esset
400 3712 538 3782 pontilex’
549 3729 676 3782 appears,
689 3714 746 3767 and
763 3713 828 3767 bids
846 3713 905 3766 him
919 3713 964 3768 ‘ut
982 3723 1142 3782 assurgeret
1160 3724 1188 3768 et
1206 3713 1314 3768 abiret.’
1350 3715 1412 3768 The
1426 3715 1503 3769 clerk
1518 3732 1651 3784 answers,

310 3802 356 3854 ‘se
369 3816 545 3870 nequaquam
562 3800 615 3854 hoe
628 3800 719 3855 facere
732 3817 825 3870 posse,
838 3811 935 3870 utpote
948 3801 1060 3855 annulis
1073 3801 1170 3854 ferreis
1187 3819 1237 3870 per
1250 3802 1350 3856 ambas
1369 3801 1454 3856 tibias
1474 3802 1652 3870 constrictus,

309 3897 336 3941 et
349 3904 459 3941 carcere
475 3887 588 3941 firmiter
599 3887 730 3942 obserato
742 3887 883 3944 inclusus!
919 3889 981 3943 The
995 3889 1082 3957 figure
1095 3889 1160 3942 tells
1173 3888 1233 3942 him
1245 3889 1282 3943 he
1295 3889 1320 3942 is
1333 3891 1421 3958 loose,
1434 3889 1492 3943 and
1506 3890 1555 3944 the
1573 3890 1651 3944 clerk

310 3973 393 4044 being
405 3991 466 4028 now
476 3975 572 4028 awake
583 3975 726 4043 perceives
740 3974 843 4030 ‘unum
856 3975 892 4031 de
905 3975 1017 4030 annulis
1030 3993 1048 4030 a
1057 3975 1128 4030 tibia
1141 3986 1256 4044 ruptum
1269 3977 1350 4031 esse.’
1379 3976 1529 4030 Mt'racula
1538 3978 1569 4031 S.
1581 3975 1662 4048 Joa..

308 4061 449 4131 Episcopi,
461 4079 487 4130 p.
501 4076 559 4130 303,
572 4063 635 4116 ibid.
673 4063 720 4118 He
733 4062 757 4116 is
769 4064 892 4133 pursued
905 4073 934 4118 at
947 4063 1101 4132 daybreak‚
1114 4063 1164 4117 but
1178 4080 1297 4132 escapes
1310 4073 1339 4118 to
1354 4064 1497 4132 Beverley.

343 4147 354 4177 ³
371 4149 506 4202 hortantir
518 4149 545 4202 in
560 4150 625 4203 CC.
632 4151 660 4204 C.
1136 4149 1147 4178 ⁴
1167 4149 1245 4220 Virg.
1256 4152 1326 4206 Aen.
1339 4150 1373 4204 iv.
1389 4165 1398 4204 ι
1403 4165 1446 4218 32.
