3832 4760
462 371 620 432 PASSIO
650 371 711 428 ΕΤ
734 369 970 430 ΛΙΙΙΗΟΜΑ
1004 369 1146 428 ΒΕΑΤΙ
1175 368 1319 426 OLAUI.
1531 375 1568 447 69

220 589 342 652 Christi
366 592 505 672 gratiam
532 592 653 672 passim
677 591 830 652 omnibus
854 591 1053 670 predicabat.
1101 591 1176 651 Non
1202 589 1309 652 nullos
1332 589 1436 651 eciam
1461 590 1568 670 predi·

218 711 358 774 cationis
382 713 495 794 gratia,
523 733 587 793 que
612 712 717 774 difusa
745 721 814 774 erat
847 713 877 772 in
903 711 997 774 labiis
1021 712 1098 787 eius,
1123 709 1188 774 ita¹
1213 709 1363 773 nefandis
1386 711 1565 773 demonum

217 831 358 895 cultibus
376 833 417 895 ad
437 831 638 914 agnitionem
658 841 691 894 et
710 832 926 895 reverentiam
947 833 996 894 sui
1017 832 1171 895 creatoris
1191 830 1335 894 reduxit.
1381 830 1568 894 Nonnullos

216 951 259 1015 ad
280 953 381 1016 seculi
402 962 639 1036 contemptum,
652 964 686 1019 et
701 974 848 1018 amorem
871 975 1012 1036 superne
1036 951 1319 1043 patrie-mirabilis
1339 951 1409 1014 eius
1429 952 1568 1014 deuocio

216 1082 250 1136 et
273 1073 342 1138 uita
362 1075 644 1142 continentissima
665 1076 855 1140 medullitus
880 1075 1108 1140 inflammauit.
1141 1147 1159 1155 ⁴·
1170 1073 1271 1139 Cuius
1298 1074 1386 1137 enim
1416 1072 1564 1137 obstina-

215 1195 360 1272 tionem,'
383 1198 474 1262 cuius
504 1198 662 1263 duriciam
694 1198 905 1281 insignissimi
937 1199 1021 1282 regis
1053 1217 1161 1262 sermo
1191 1195 1307 1272 dulcis,
1338 1205 1372 1260 et
1402 1193 1565 1278 sapientia
1621 1190 1626 1200 “

214 1317 330 1399 plenus
345 1319 491 1402 spiritali,
504 1340 569 1383 non
586 1319 766 1402 frangeret!
814 1319 915 1384 Cuius
931 1329 1097 1401 torporem
1115 1319 1167 1382 uel
1183 1318 1345 1382 desidiam
1359 1315 1566 1381 conuersatio

213 1438 386 1520 singularis
401 1440 486 1503 illius
506 1461 572 1503 non
592 1423 803 1504 excitarettl

782 1491 803 1544 l

301 1558 586 1640 Uerumptamen²
609 1561 642 1621 in
670 1559 779 1622 medio
803 1559 944 1622 nationis
967 1580 1067 1640 praue
1089 1570 1122 1622 et
1146 1582 1299 1642 peruerse
1326 1561 1463 1642 positus,
1488 1559 1565 1622 licet

215 1675 336 1740 multos
359 1687 572 1754 conuerteret,
589 1699 688 1760 quam
707 1678 866 1758 plurimos
889 1687 1001 1740 tamen
1022 1679 1167 1741 habebat
1190 1681 1395 1742 aduersarios
1411 1680 1510 1742 fortes
1531 1688 1565 1741 et

213 1775 393 1913 potentesl
407 1797 440 1860 in
456 1798 575 1880 quibus
592 1801 746 1862 maiorem
761 1799 869 1862 locum
887 1800 947 1861 sibi
962 1800 1159 1862 uendicabat
1171 1797 1325 1861 uoluntas
1336 1817 1437 1880 quam
1450 1798 1564 1878 pietas,
1587 1797 1594 1838 '⁸
1632 1779 1646 1792 Α

212 1919 416 1982 consuetudo
432 1939 532 2000 quam
549 1919 640 1997 ratio,
656 1919 754 1982 animi
772 1940 908 2001 preceps
925 1920 1066 2002 impetus
1083 1941 1183 2001 quam
1200 1940 1293 1982 amor
1309 1919 1466 1982 ueritatis.
1508 1917 1565 1979 Hii

213 2038 403 2112 nobilissimi
427 2040 539 2104 christi
562 2041 703 2104 martiris
730 2043 944 2122 predicationi
968 2053 1001 2104 et
1025 2043 1179 2123 operibus
1197 2042 1318 2104 sanctis
1341 2042 1420 2103 totis
1441 2039 1565 2102 nisibus

211 2158 401 2237 obuiabant‚
425 2171 459 2224 et
481 2163 552 2224 uias
573 2164 697 2224 domini
723 2173 829 2226 rectas
861 2170 1008 2225 euertere
1035 2164 1246 2224 conabantur.
1302 2161 1413 2224 Iustus
1439 2169 1563 2230 autem,

210 2287 247 2343 ut
270 2278 323 2343 led
346 2280 521 2357 confidens,
538 2283 664 2364 absque
687 2293 810 2346 terrore
834 2293 912 2355 erat,
930 2294 963 2346 et
979 2284 1071 2346 iuxta
1093 2283 1285 2364 exemplum
1309 2282 1400 2345 beati
1420 2282 1474 2345 iob
1498 2301 1563 2344 non

210 2401 456 2483 expauescebat
467 2405 510 2468 ad
524 2403 766 2468 multitudinem
780 2403 948 2477 nimiam43
966 2424 1025 2467 nec
1038 2404 1208 2485 despectio
1224 2403 1483 2486 propinquorum
1499 2412 1564 2466 ter·

209 2522 303 2588 rebat
319 2541 406 2599 eum,·
422 2545 481 2589 nec
499 2526 748 2590 aduersancium
774 2527 869 2589 minis
893 2526 945 2589 uel
968 2527 1092 2589 insidiis
1109 2512 1213 2590 auerti
1232 2533 1365 2608 poterat
1380 2546 1400 2587 a
1416 2524 1564 2606 predica·

209 2643 307 2708 tionis
323 2646 518 2710 constantia.

296 2763 416 2830 Ihesu⁶
434 2766 521 2830 bone
535 2777 676 2850 quantos
698 2767 839 2839 labores,
854 2777 995 2848 quantas
1021 2767 1269 2849 persecuciones
1290 2765 1454 2840 sustinuit,
1471 2775 1563 2830 ante·

132 2927 139 2950 r
208 2902 308 2966 quarn
336 2885 498 2968 populum
528 2887 732 2951 incredulum
760 2897 794 2952 et
824 2888 886 2951 sibi
911 2888 1190 2952 contradicentem
1220 2907 1242 2950 a
1267 2907 1327 2950 sua
1349 2896 1463 2968 posset
1488 2905 1563 2967 per-

208 3004 366 3070 uersitate
386 3001 580 3072 deflecteret
627 3007 752 3072 Datum
775 3007 941 3090 siquidem
962 3017 1033 3071 erat
1055 3007 1101 3070 illi
1123 3028 1188 3070 non
1211 3005 1318 3070 solum
1343 3017 1380 3070 ut
1402 3006 1561 3070 christum

207 3125 366 3204 crederet,
388 3136 440 3191 set
463 3129 568 3192 eciam
587 3138 623 3192 ut
646 3149 707 3211 pro
730 3127 787 3193 illo
808 3139 978 3212 pateretur
986 3129 1006 3190 ⁶,
1053 3129 1127 3192 Nec
1149 3128 1256 3193 solum
1275 3130 1355 3210 pati,
1370 3149 1431 3193 nec
1453 3127 1561 3193 solum

207 3245 399 3330 temporalis
423 3249 514 3332 regni
537 3249 691 3314 diadema
713 3269 774 3332 pro
796 3248 918 3313 christo
940 3259 1075 3332 paratus
1097 3260 1169 3314 erat
1191 3251 1367 3332 deponere,
1382 3259 1435 3314 set
1455 3250 1561 3313 eciam

206 3387 273 3450 perr
294 3387 451 3432 coronam
481 3371 616 3434 martirii
645 3371 688 3435 ad
721 3370 937 3454 perhennium
973 3371 1114 3454 gloriam
1146 3372 1344 3453 gaudiorum
1374 3371 1562 3454 pertingere

205 3488 426 3553 desiderabat.
474 3490 505 3556 O
532 3511 632 3573 quam
659 3493 780 3556 deuote
809 3493 954 3556 caritatis
979 3491 1161 3575 flagrantia,
1185 3501 1329 3574 quantus
1352 3490 1429 3554 fidei
1452 3489 1563 3554 feruor

206 3608 474 3698 excellentissimi
497 3612 608 3677 christi
632 3613 773 3678 martiris
793 3623 909 3696 pectus
931 3615 1136 3690 accenderat,
1151 3613 1207 3694 qui
1223 3613 1256 3673 in
1273 3611 1385 3675 medio
1406 3612 1561 3692 gencium

204 3729 440 3794 indomitarum
451 3691 798 3855 constitutusbuibus',
810 3734 905 3797 iuxta
920 3733 1135 3811 salomonem,
1146 3732 1390 3796 confidentibus
1406 3733 1439 3796 in
1454 3731 1562 3796 stulti·

204 3851 256 3915 cia
267 3871 327 3914 sua
342 3850 427 3915 non'
443 3853 550 3918 minus
562 3864 671 3918 tutum
684 3865 754 3919 erat
765 3873 941 3932 occurrere,
951 3875 1052 3937 quam
1064 3875 1139 3918 urse
1150 3855 1289 3918 seuienti
1301 3855 1404 3936 raptis
1416 3851 1561 3918 catulis⁸.

206 3969 284 4036 Non
311 3972 463 4037 cessabat
486 3983 598 4038 tamen
623 3974 766 4039 salutare
793 3974 870 4039 fidei
896 3975 1043 4052 uerbum,
1067 3974 1159 4056 quod
1183 3973 1405 4040 abhorrebat⁹
1427 3973 1560 4056 publice

207 4130 290 4188 ¹aS.
344 4131 444 4190 'Sec't
457 4149 483 4202 4.
496 4135 527 4190 S.
581 4133 794 4205 'Homilyraa
854 4130 1080 4207 ‘Jobx'xxi34;
1101 4133 1320 4192 Prov.xxviii.1.
1382 4131 1559 4206 'Sed-55.

276 4219 408 4292 ‘Philip
422 4222 440 4278 i.
454 4238 495 4293 29·
567 4221 652 4279 'non
665 4230 742 4280 caret
753 4227 783 4282 S.
857 4223 1026 4280 ⁸Proverbs
1039 4224 1102 4280 xvii.
1116 4241 1155 4281 12.
1227 4223 1443 4282 'abhorrebant
1457 4225 1489 4280 S.
1557 4263 1559 4268 -
