3830 4766
468 373 626 431 PASSIt)
655 373 719 428 ΕΤ
744 370 978 430 ,llllr,·tct'L.t
1012 371 1151 426 ΒΗΤ]
1181 371 1320 428 (tanti.
1534 375 1568 440 87

221 599 397 658 transcunt,
423 601 455 650 et
482 591 524 650 ric
548 602 668 652 euentu
694 599 762 650 tarn
791 591 946 650 mirantes
971 608 1070 668 quarn
1095 589 1246 650 dolentes
1269 589 1406 650 doniam
1433 588 1568 648 tandein

222 719 435 772 reuertuntur.
482 709 540 771 Ad
569 711 629 772 hcc
655 722 767 772 autem
800 710 888 771 beati
918 709 1058 771 martiris
1086 709 1200 771 crescit
1227 710 1332 790 gloria
1359 710 1569 785 meritorum3

222 849 298 890 narn
321 829 421 906 iilum,
439 851 538 910 quem
555 831 597 892 dc
613 831 766 893 doiorum
790 831 945 910 uoragine
968 839 1123 907 traxerat,
1139 831 1181 892 ad
1207 831 1284 892 litus
1306 829 1493 891 uenientem
1515 850 1571 890 ne·

221 970 387 1030 quaquam
404 951 535 1014 sinebat
556 952 751 1032 periclitari3
775 973 794 1014 a
811 951 987 1014 tortoribus
1003 953 1124 1014 etenim
1140 951 1270 1013 liberari
1286 952 1327 1012 ad
1346 948 1486 1032 penam¹
1504 968 1570 1010 non

220 1071 380 1135 sufficeret
404 1073 556 1150 salutem,
580 1073 640 1135 nisi
664 1073 816 1136 liberatio
839 1073 1048 1136 curacionum
1069 1075 1170 1134 etiam
1192 1071 1350 1135 benefitio
1372 1070 1570 1133 subueniret.

221 1190 337 1274 Capud
355 1195 478 1256 etenim
495 1194 564 1256 eius
583 1195 669 1257 adeo
686 1193 809 1258 crudeli
830 1195 964 1257 uerbere
980 1195 1188 1270 tundebatur,
1205 1194 1310 1256 donec
1329 1192 1416 1255 auris
1432 1191 1571 1253 offitium
1641 1175 1643 1182 ¹

219 1331 348 1394 prorsus
370 1315 548 1376 amitteret.
596 1315 748 1376 Predicto
764 1315 862 1394 igitur
886 1315 985 1375 modo
1007 1314 1171 1390 liberatus,
1187 1313 1350 1376 adiunctis
1365 1312 1426 1374 sibi
1442 1312 1571 1374 duobus

219 1434 412 1507 christianis
444 1435 600 1495 diuturna
631 1431 852 1525 captiuitate²
882 1431 1037 1511 fatigatis,
1069 1435 1206 1494 marium
1238 1434 1326 1494 subit
1357 1433 1509 1512 pericula,
1536 1443 1569 1494 et

222 1555 398 1614 maturiore
431 1563 561 1614 certans
592 1552 738 1625 consili0‚
769 1561 883 1613 amota
916 1552 1066 1629 segnitie,
1095 1552 1192 1611 simul
1223 1572 1297 1613 curn
1329 1553 1423 1613 sociis
1457 1551 1569 1632 sugam

219 1672 383 1732 succincte
414 1670 552 1749 peragit.
610 1669 758 1730 Ueniens
790 1671 902 1748 itaque
938 1671 980 1730 ad
1017 1670 1189 1732 eeclesiam
1225 1669 1312 1730 beati
1345 1670 1493 1742 martiris,
1527 1672 1569 1732 ad

220 1789 395 1852 soluendas
419 1809 479 1869 pro
503 1799 658 1869 suscepto
682 1787 842 1851 beneficio
865 1799 984 1868 grates,
1007 1792 1132 1869 gaudet
1155 1810 1191 1850 se
1213 1787 1388 1869 perfectam
1413 1789 1573 1868 recepisse

220 1911 406 1972 sanitatem.
454 1909 535 1972 Uoti
561 1918 674 1970 autem
703 1929 839 1989 compos
871 1908 1017 1979 effectus,
1046 1921 1160 1972 uotum
1194 1909 1380 1990 persoluere
1412 1929 1503 1972 mens
1529 1911 1572 1971 ad

223 2031 387 2092 modicum
405 2031 493 2110 cepit
509 2029 668 2110 reingere,
684 2031 798 2104 donec,
815 2031 856 2090 ad
874 2029 1008 2108 plenum
1026 2031 1185 2091 subuerso
1201 2030 1347 2106 consili0‚
1363 2030 1491 2092 ualidus
1508 2031 1572 2092 iam

222 2162 254 2213 et
267 2149 359 2212 sortis
375 2149 510 2212 effectus
526 2150 589 2212 iter
604 2151 740 2230 arripuit
758 2151 943 2212 recedendi.
992 2149 1143 2231 Cumque
1160 2171 1223 2213 una
1240 2150 1352 2212 dieta3
1369 2150 1541 2232 proiectus,
1554 2173 1574 2213 a

218 2271 366 2352 quodam
384 2270 562 2332 uenerabili
579 2272 649 2332 uiro
665 2271 810 2333 caritatis
822 2270 941 2333 affectu
956 2270 1098 2351 hospitio
1112 2283 1197 2333 esset
1211 2283 1370 2351 receptus
1384 2273 1465 2334 uidit
1478 2283 1573 2334 nocte

221 2401 286 2454 tres
316 2391 460 2472 uirgines
486 2390 578 2453 uultu
610 2393 755 2468 decoras,
783 2391 899 2454 habitu
925 2391 1055 2468 nitidas,
1079 2392 1141 2453 sibi
1169 2401 1287 2465 astare,
1313 2403 1346 2454 et
1370 2411 1406 2453 se
1428 2393 1573 2472 grauiter

221 2511 414 2592 castigando
431 2511 593 2592 inquirere
610 2514 780 2591 quomodo
796 2514 971 2574 temerario
991 2533 1071 2575 ausu
1092 2523 1250 2586 sanctum,
1268 2513 1358 2574 cuius
1378 2519 1428 2574 tot
1446 2513 1573 2574 uiderat

221 2633 379 2693 uirtutum
403 2631 570 2709 miracula,
586 2631 755 2694 offendere
777 2653 842 2694 non
859 2632 1000 2709 timeret,
1017 2643 1050 2696 et
1070 2633 1131 2694 sibi
1149 2633 1356 2714 redemptum
1374 2631 1572 2712 mancipium

221 2762 254 2814 et
283 2760 362 2812 uoto
388 2750 555 2812 firmatum
586 2751 779 2814 subtrahere
804 2765 1017 2834 presumeret.
1065 2753 1149 2816 Uisu
1177 2754 1288 2833 itaque
1315 2751 1573 2832 expergefaetus

224 2891 320 2933 mane
346 2890 548 2952 consurgens
578 2870 698 2952 hospiti
731 2893 792 2934 suo
819 2892 887 2934 rem
913 2883 1019 2936 totam
1045 2893 1147 2954 penes
1173 2893 1209 2934 se
1233 2882 1362 2955 gestam
1389 2891 1432 2933 ex
1459 2873 1573 2935 ordine

222 2991 347 3072 pandit,
362 2991 455 3052 cuius
475 2992 660 3053 ammonitu
680 2993 793 3054 statim
817 2993 975 3074 repedare
998 2995 1135 3076 cogitur.
1183 2993 1258 3055 Hec
1283 2992 1438 3066 miracula
1461 2993 1574 3074 patulo

224 3112 407 3192 produntur
436 3110 545 3187 indici,
575 3131 660 3184 cum,
684 3113 726 3174 ad
757 3113 897 3194 gloriam
925 3113 1107 3188 saluatoris,
1139 3113 1325 3195 predictum
1359 3113 1509 3174 iuuenem
1541 3115 1573 3174 in

222 3230 357 3294 ecclesia
389 3229 476 3292 beati
509 3231 659 3304 martiris,
691 3233 761 3294 eius
791 3233 958 3314 obsequiis
990 3243 1152 3315 perpetuo
1184 3235 1416 3313 mancipatum,
1445 3234 1573 3295 uidere-

223 3370 302 3424 muS,
319 3361 353 3414 et
370 3352 403 3412 in
420 3351 579 3413 membris
595 3352 665 3414 eius
682 3351 955 3416 ferramentorum
972 3355 1110 3435 uestigia
1126 3353 1400 3435 conspiceremus.

395 3641 444 3689 DE
469 3642 639 3692 MULIERE
664 3644 687 3692 Α
717 3643 844 3693 MORBO
870 3642 1181 3693 EMPHILEMPTICO
1207 3641 1401 3690 LIBERATA.

309 3789 346 3850 In
371 3789 615 3869 urbe⁴i11a‚in
640 3813 706 3873 qua
734 3815 820 3857 nunc
847 3794 1014 3876 preciosus
1041 3793 1217 3856 thesaurus
1245 3791 1455 3874 reliquiarum
1479 3791 1570 3854 beati

259 3946 267 3978 ¹
285 3965 389 4018 penam
403 3948 432 4003 in
447 3951 511 4005 MS.
526 3952 621 4006 CCC.
636 3969 642 4018 ;
662 3956 830 4024 apparently
843 3971 861 4008 a
874 3953 995 4010 mistake
1008 3954 1051 4008 for
1063 3955 1186 4024 plenam.

258 4033 269 4064 ²
286 4035 479 4106 captiuiuitate
492 4036 520 4090 in
536 4039 564 4092 C.
572 4039 602 4093 C.
609 4040 638 4092 C.
1103 4039 1115 4072 ⁸
1135 4041 1250 4110 Aday’s
1259 4039 1387 4110 jouruey.

258 4121 268 4151 ⁴
286 4123 359 4179 Seet.
379 4139 418 4192 13,
430 4131 507 4178 caret
519 4125 550 4180 S.
588 4127 674 4182 Hom.
692 4127 750 4196 161,
763 4129 836 4183 Mir.
851 4127 914 4194 xiii;
940 4129 1006 4200 Leg.
1020 4130 1108 4200 Saga,
1127 4129 1191 4194 116;
1216 4128 1339 4200 Flateyb.
1357 4129 1394 4183 11.
1408 4128 1468 4198 389,
1482 4139 1530 4183 not
1543 4128 1571 4183 in

222 4210 340 4266 Snorri’s
356 4212 438 4283 Olnfs
450 4212 538 4282 Saga.
