3830 4766
479 335 638 393 Passio
667 333 730 390 ΕΤ
755 333 989 392 ᾹΙΙΚΛΟΙΙΙΑ
1025 335 1165 392 Bazis!
1194 335 1336 395 (lasivs.
1548 347 1585 414 '91

241 573 320 614 nunc
351 554 472 615 cotidie
505 565 653 634 posteros
684 553 808 615 sauciat
844 555 1001 616 incautos
1062 554 1138 616 Hoc
1172 576 1249 616 usus
1281 567 1330 618 est
1363 556 1476 632 iaculo,
1508 559 1587 620 dum

240 674 402 754 quendam
422 676 507 736 adeo
524 694 624 754 praue
644 675 863 756 suggestionis
880 694 1008 737 ueneno
1026 674 1190 748 infecerat,
1209 685 1253 747 ut,
1271 677 1424 738 creatoris
1442 679 1588 759 precepti

237 795 366 867 oblitus,
390 795 541 876 spiritum
573 796 724 876 superbie
755 806 946 877 sequeretur
973 796 1140 876 deceptus.
1188 795 1268 858 Erat
1301 817 1444 878 namque
1469 798 1586 873 infelix

237 916 296 978 iste
311 917 353 978 de
370 915 543 998 prouintia,
560 938 624 998 que
640 917 759 981 dicitur
776 918 880 980 insula
897 915 1071 995 exterior¹,
1084 937 1182 998 quem
1199 917 1355 998 antiquus
1371 919 1474 982 hostis
1494 929 1588 982 tanta

235 1037 372 1100 cecitate
410 1049 623 1120 percusserat,
654 1049 690 1102 ut
728 1039 909 1122 cupiditate
947 1049 1149 1102 terrenorum
1183 1038 1292 1102 futura
1328 1059 1392 1102 non
1428 1051 1587 1104 terrerent

234 1158 399 1240 supplitia.
439 1159 554 1223 Breuis
567 1161 702 1241 quidem
720 1181 849 1244 prospe
866 1161 1008 1235 honoriS,
1021 1161 1138 1224 ditioni
1156 1161 1315 1223 subicitur
1331 1173 1443 1224 eterne
1464 1163 1587 1238 mortis,

233 1289 265 1341 et
299 1279 424 1344 diaboli
456 1281 655 1362 mancipium
687 1283 775 1343 dono
809 1283 952 1358 effectuS,
984 1283 1063 1343 dum
1099 1303 1194 1343 suurn
1229 1283 1451 1364 apostatando
1487 1295 1587 1364 negat

232 1409 425 1475 creatorem,
440 1399 627 1464 libertatem
645 1401 783 1462 tiliorum
801 1403 853 1462 dei
871 1401 1024 1481 priuatur.
1072 1399 1222 1481 Cumque
1240 1423 1376 1484 preceps
1398 1406 1439 1466 ad
1457 1425 1586 1485 queque

234 1520 357 1582 lubrica
393 1520 575 1602 malignoso
614 1520 797 1580 traheretur
832 1521 998 1592 instinctu,
1034 1531 1066 1582 et
1105 1522 1198 1599 quasi
1237 1543 1368 1584 securus
1406 1525 1448 1586 de
1483 1525 1586 1604 preda

233 1639 430 1718 gloriaretur
464 1639 624 1712 inimicus,
662 1639 802 1700 occurrit
840 1640 929 1701 beati
971 1640 1111 1702 martiris
1150 1640 1267 1700 natalis
1306 1642 1385 1704 dies,
1432 1643 1585 1724 Cumque

234 1760 329 1821 turbe
364 1760 558 1821 cateruatim
590 1759 632 1820 ad
665 1759 734 1822 eius
763 1759 934 1821 ecclesiam
967 1779 1056 1820 more
1087 1759 1297 1834 confluerent,
1323 1761 1416 1823 affuit
1448 1772 1481 1824 et
1513 1763 1583 1835 iste,

234 1890 268 1942 ut
300 1901 359 1962 per
393 1879 585 1942 effrenatam
618 1879 785 1941 lasciuiam
821 1882 909 1941 uisus
940 1879 1042 1942 illiciti
1078 1881 1120 1941 ad
1156 1881 1274 1942 noxias
1305 1883 1587 1961 concupiscentias

232 2001 419 2064 traheretur
431 2002 695 2116 exterius,xtanto
709 2000 801 2063 fieret
819 2002 949 2063 inimico
962 1999 1147 2081 obligatior,
1160 2011 1286 2080 quanto
1300 2003 1370 2063 eius
1383 2004 1587 2083 suggestioni

233 2121 470 2184 consentiendo
496 2123 733 2184 succumberet.
782 2121 907 2186 Uerum
935 2120 1098 2197 dominus,
1122 2122 1269 2182 omnium
1297 2123 1411 2184 uolens
1435 2123 1587 2200 salutem,

231 2244 302 2305 ouis
327 2243 523 2306 moribunde
546 2253 639 2306 tanto
666 2244 808 2324 amplius
837 2243 988 2305 misertus
1017 2251 1075 2317 est,
1100 2251 1224 2321 quanto
1250 2243 1383 2323 grauius
1411 2244 1585 2324 deceptam

232 2373 379 2428 nouerat.
427 2364 516 2426 Nam
532 2384 608 2426 curn
630 2364 718 2426 beati
739 2365 880 2426 martiris
895 2362 983 2425 olaui
1001 2383 1119 2443 corpus
1134 2361 1313 2444 gloriosum
1331 2363 1363 2424 in
1376 2367 1585 2444 processione

232 2495 327 2548 extra
351 2485 526 2548 ecclesiam
549 2494 746 2567 portaretur,
773 2485 861 2566 cepit
885 2485 1053 2566 predictus
1075 2484 1117 2546 de
1140 2482 1245 2564 gloria
1270 2484 1410 2546 martiris
1436 2486 1525 2566 apud
1550 2507 1586 2548 se

231 2627 379 2688 pensare,
394 2615 429 2669 et
444 2627 537 2668 suam
558 2606 723 2668 miseriam
745 2615 856 2668 mente
879 2614 1029 2668 tractare.
1073 2604 1231 2684 Proponit
1249 2605 1388 2685 gloriam
1409 2605 1585 2685 perditam,

232 2737 264 2792 et
280 2737 421 2791 terrores
437 2736 588 2808 suscepte
604 2726 851 2806 dampnationis
867 2726 1027 2807 repplicat
1043 2725 1211 2787 sollicitus.
1253 2724 1364 2788 Tanta
1381 2746 1524 2807 namque
1542 2747 1585 2788 ex

232 2849 373 2912 martiris
387 2846 556 2910 salutifera
579 2846 745 2927 presentia
768 2854 913 2908 mentem
938 2847 1008 2909 eius
1030 2845 1201 2909 afflauerat
1219 2846 1336 2927 gratia,
1353 2857 1399 2920 ut,
1416 2847 1585 2909 abstracto

231 2968 410 3051 impietatis
422 2967 595 3045 uelamine,
609 2987 702 3029 mens
714 2966 862 3029 emollita
878 2987 922 3029 ex
937 2966 1199 3048 compunctionis
1212 2964 1290 3028 fletu
1304 2966 1382 3029 foris
1393 2967 1585 3032 ostenderet

230 3091 361 3166 afflicta,
378 3090 468 3172 quod
491 3089 579 3152 intus
602 3097 771 3170 pateretur
790 3109 833 3150 ex
850 3087 956 3168 culpa.
1003 3086 1155 3170 Cumque
1179 3085 1336 3150 feretrum
1360 3088 1402 3151 de
1418 3088 1501 3166 loco,
1516 3109 1584 3170 quo

230 3221 377 3287 steterat,
393 3212 437 3274 ad
457 3210 695 3292 reportandum
718 3207 894 3284 leuaretur,
910 3209 1019 3272 eidem
1043 3229 1079 3271 se
1102 3207 1175 3272 loeo
1191 3207 1339 3281 contulit,
1357 3228 1424 3289 quo
1440 3210 1583 3272 martiris

229 3353 347 3415 corpus
376 3331 542 3414 quieuisse
573 3339 802 3412 conspexerat,
826 3339 859 3392 et
890 3337 1001 3392 mente
1026 3338 1209 3411 prostratus
1233 3339 1386 3392 sanctum
1412 3329 1582 3394 martirem

229 3453 400 3517 uberrimis
423 3453 511 3533 cepit
533 3450 744 3532 interpellare
768 3450 955 3533 gemitibus
982 3459 1018 3513 ut
1041 3449 1286 3532 dampnationis
1314 3470 1381 3531 quo
1406 3451 1584 3514 tenebatur

228 3575 358 3638 uinculo
389 3573 456 3636 suis
488 3579 669 3634 mereretur
698 3572 850 3653 precibus
879 3570 1016 3634 absolui.
1061 3568 1274 3646 Exauditus²
1298 3570 1410 3652 itaque
1438 3571 1581 3633 martiris

226 3693 386 3778 precibus,
402 3692 496 3776 quasi
517 3693 560 3756 de
584 3692 760 3756 obliuionis
783 3703 889 3756 morte
911 3693 1097 3770 suscitatur,
1113 3702 1147 3755 et
1170 3691 1329 3754 amissum
1352 3689 1462 3753 anime
1487 3693 1579 3772 uigo-

227 3836 293 3880 rem
316 3813 483 3897 paulisper
505 3825 617 3878 mente
639 3813 807 3895 colligens,
828 3812 1021 3910 humiliatus
1045 3812 1160 3875 didicit
1183 3810 1262 3893 quid
1286 3811 1391 3873 elatus
1415 3812 1579 3873 amiserat.

227 3935 357 4002 Uulnus
383 3941 497 4000 tamen
522 3935 673 3999 adultere
702 3933 822 3998 mentis
844 3933 971 4016 aperire
994 3934 1178 4006 uerebatur,
1201 3942 1245 4007 et,
1266 3929 1421 3995 confusus
1443 3932 1578 4013 pudore,

439 4095 449 4128 ¹
466 4098 555 4166 lftrby
567 4113 599 4150 or
612 4096 741 4165 Yttri-ey,
755 4113 824 4150 near
836 4099 883 4152 the
897 4097 971 4152 head
984 4095 1016 4150 of
1025 4097 1073 4150 the
1087 4092 1355 4166 Trondhjem·fiord.

438 4181 449 4215 ¹
468 4183 515 4240 Sic
530 4186 553 4240 C
554 4223 561 4239 .
569 4185 597 4240 C.
610 4186 638 4240 C.
653 4185 695 4238 for
707 4185 856 4238 exauditis.

867 4299 932 4346 N2

1615 2363 1639 2423 b·
