3832 4760
467 346 626 403 l’srn'n'lrl
661 347 721 402 ET
745 346 980 404 ,lllli'ale'Lsl
1018 346 1153 404 ull-ill
1184 350 1325 405 (lhlr'l.
1536 362 1572 426 85

222 561 290 624 sine
315 565 451 624 custode
478 566 641 625 utancbat.
664 565 815 625 noctibus
841 585 916 624 uero
941 565 1008 643 ipse
1033 565 1171 643 hospitis
1196 565 1288 634 filius,
1315 577 1348 626 ut
1374 588 1447 626 eunt
1472 571 1572 630 artius

222 683 409 753 custodiret,
429 705 493 744 uno
510 685 596 764 pede
617 704 728 746 secum
747 684 830 745 boiis
854 684 1016 766 religatur.
1055 684 1113 745 Set
1133 685 1229 745 miser
1249 685 1311 757 ille,
1330 707 1385 765 pre
1402 689 1572 751 anxietate

221 803 363 865 dormire
380 823 444 866 non
462 803 584 878 ualens,
597 804 677 885 quid
694 805 835 886 supersit
853 804 977 868 consilii
995 825 1105 867 secum
1123 804 1262 868 sollicite
1278 815 1409 869 tractat.
1449 807 1572 872 Horret

223 923 377 1002 laborem,
404 934 535 988 ueretur
565 945 677 1006 penas,
706 924 854 1008 dumque
883 927 1143 1008 redemptionem
1172 927 1334 1007 desperat,
1361 926 1448 990 tollit
1473 928 1572 991 finem

223 1045 359 1108 miserie.
407 1045 540 1129 Quippe
567 1067 641 1110 curn
668 1048 718 1111 bis
742 1049 830 1130 prius
854 1059 970 1130 captus
993 1069 1012 1110 a
1035 1048 1226 1129 parentibus
1252 1048 1474 1123 redimeretur,
1503 1058 1569 1112 tam

221 1167 383 1230 tediosum
409 1189 508 1250 quam
534 1179 766 1251 sumptuosum
795 1171 841 1232 eis
870 1171 911 1232 de
936 1180 1045 1232 cetero
1073 1169 1140 1232 fore
1165 1178 1365 1232 autumatur.
1413 1169 1443 1232 O
1472 1191 1571 1252 quam

222 1289 338 1350 misera
355 1299 406 1352 est
422 1291 499 1364 uita,
517 1311 592 1352 cum
611 1311 699 1352 mors
715 1299 859 1371 optatur,
876 1311 975 1370 quam
993 1290 1253 1352 infelicissimum
1273 1291 1392 1362 uiuere,
1411 1291 1465 1352 ubi
1484 1312 1570 1354 mors

220 1410 364 1471 creditur
390 1411 456 1472 nite
480 1410 661 1472 dominari!
720 1409 821 1472 Unde
849 1429 985 1488 preceps
1016 1409 1047 1469 in
1076 1411 1268 1488 ambiguum
1293 1411 1408 1488 tendit,
1435 1423 1491 1474 aut
1523 1415 1569 1475 uti

220 1527 366 1590 celeriter
382 1538 569 1608 presentem
587 1547 675 1588 mors
692 1528 849 1590 excludat
866 1529 1040 1601 miseriam,
1058 1537 1114 1589 aut
1131 1528 1252 1590 felitius
1265 1530 1373 1591 uiuere
1389 1533 1569 1615 contingat.

221 1647 327 1709 Necat
351 1645 491 1727 hospitis
511 1647 635 1722 filium3
660 1649 779 1727 pedem
801 1647 951 1719 abscidit,
972 1656 1014 1719 et,
1032 1649 1073 1708 ad
1092 1649 1292 1727 portandum
1316 1650 1494 1713 recollectis
1516 1673 1568 1715 ca-

222 1765 339 1840 thenis,
369 1786 502 1829 nemora
530 1767 623 1847 petit.
671 1766 730 1830 Set
757 1767 903 1829 diluculo
927 1767 1050 1828 factum
1077 1766 1284 1847 detegitur¹;
1316 1767 1439 1830 clamor
1463 1773 1570 1834 extol·

220 1885 305 1960 litut,
323 1895 356 1948 et
374 1906 493 1950 nocens
509 1887 702 1968 exquiritur.
749 1888 826 1950 Duo
842 1908 939 1950 canes
956 1887 1129 1950 soluuntur
1144 1888 1187 1948 ad
1204 1889 1471 1968 inuestigandum
1488 1891 1570 1972 fugi-

221 2007 307 2068 tiuos
323 2006 517 2071 christianos
538 2008 731 2070 mirabiliter
746 2010 853 2071 edocti
866 2006 893 2084 2;
918 2027 1056 2088 quorum
1073 2008 1237 2087 sagacitas
1254 2007 1327 2070 ilico
1344 2009 1431 2070 uiam
1455 2013 1571 2092 pandit

220 2128 440 2206 querentibus,
457 2139 491 2191 et
507 2129 645 2191 latratus
661 2129 772 2210 prodit
790 2129 956 2192 latentem.
1003 2127 1142 2208 Capitur
1160 2129 1266 2202 miser,
1283 2128 1430 2202 trahitur,
1447 2133 1572 2195 ceditur

220 2249 409 2311 uerberibus
424 2249 573 2324 afflictus
592 2251 687 2313 morti
705 2249 771 2312 fere
787 2249 969 2323 addicitur3
993 2249 1043 2311 cui
1069 2269 1278 2328 nequaquam
1303 2250 1408 2329 pietas
1431 2251 1571 2316 hominis

219 2379 348 2433 constat
364 2371 526 2454 suffragio,
543 2392 602 2434 nec
625 2371 690 2432 ulla
714 2370 881 2434 miseratio
905 2389 1034 2452 pagane
1057 2370 1176 2431 mentis
1200 2369 1313 2449 ignara
1335 2368 1395 2432 fuit
1418 2372 1569 2451 presidio.

221 2487 281 2553 Set
305 2501 434 2554 tantum
459 2493 571 2556 innata
595 2492 710 2574 gentili
735 2493 882 2573 nequitia
906 2499 1047 2554 mortem
1071 2489 1289 2590 suspenderat
1313 2490 1469 2566 debitam,
1495 2513 1570 2555 cum

219 2611 357 2674 auaritia
384 2612 567 2676 naturalem
598 2613 791 2675 excluderet
817 2611 933 2675 zelum.
991 2611 1030 2673 In
1058 2620 1189 2672 tantum
1217 2609 1338 2672 etenim
1366 2611 1466 2672 eum³
1491 2612 1570 2675 illud

219 2729 475 2794 infelicissimum
495 2733 688 2814 possederat
708 2733 834 2808 uitium,
855 2743 892 2795 ut
915 2741 1047 2814 sperata
1067 2730 1193 2822 iuuenis
1217 2731 1401 2810 redemptio
1424 2732 1570 2796 debitam

220 2847 326 2912 filialis
341 2853 508 2934 sanguinis
524 2852 704 2915 uindictam
721 2852 912 2916 secluderet.
945 2851 1029 2914 Inde
1045 2852 1183 2913 domurn
1200 2849 1347 2927 trahitur,
1361 2861 1394 2914 et
1410 2871 1484 2915 cum
1499 2853 1572 2918 aliis

219 2969 388 3034 sexdecim
408 2971 592 3036 christianis
612 2973 644 3034 in
666 2992 796 3036 carcere
814 2972 1008 3049 detruditur,
1030 2981 1063 3034 et
1087 2970 1205 3034 ceteris
1228 2970 1340 3032 durius
1363 2980 1432 3034 tam
1454 2972 1571 3056 ligneis

219 3109 320 3171 quarn
347 3090 458 3156 ferreis
485 3093 623 3156 uinculis
651 3093 834 3156 adartatur.
893 3091 994 3155 Cuius
1025 3093 1114 3174 prior
1141 3089 1272 3153 miseria
1298 3089 1394 3154 huius
1421 3106 1569 3176 respectu

218 3210 335 3273 umbra
350 3221 428 3289 erat,
440 3221 474 3277 et
488 3213 646 3294 preterita
662 3211 750 3276 mala
766 3211 948 3276 futurorum
965 3213 1035 3275 sola
1051 3211 1205 3274 nimirum
1222 3211 1570 3300 creduntrrnpresagia.

219 3329 338 3394 Nullus
362 3333 449 3396 enim
474 3335 656 3397 adueniens
674 3334 836 3415 pietatem
859 3333 1005 3396 ostendit
1027 3333 1092 3395 iam
1115 3331 1225 3409 debili,
1248 3341 1299 3394 set
1319 3333 1458 3414 quisque
1476 3340 1569 3417 quasi

218 3451 400 3532 dampnato
415 3473 535 3534 penam
552 3453 674 3516 inflixit
691 3456 830 3517 misero:
855 3454 901 3516 nil
916 3454 945 3516 ei
961 3454 1077 3516 datum
1098 3461 1158 3528 est,
1174 3449 1220 3513 nil
1237 3451 1335 3529 licuit,
1356 3453 1416 3516 nisi
1432 3457 1516 3519 utin
1532 3479 1568 3522 se

218 3582 426 3654 cognosceret
449 3575 605 3655 quicquid
634 3574 793 3638 effrenata
818 3576 923 3637 seuire
952 3575 1056 3655 possit
1082 3573 1246 3653 impietas.
1294 3571 1375 3634 Eius
1400 3574 1513 3657 itaque
1535 3579 1568 3642 in

252 3760 261 3792 ¹
283 3760 316 3814 ln
330 3761 360 3816 C.
367 3761 397 3816 C.
404 3761 434 3817 C.
448 3761 585 3830 detegitir.

251 3846 325 3903 'An
348 3849 424 3917 early
442 3848 569 3903 mention
592 3849 624 3902 of
643 3849 691 3903 the
714 3867 764 3903 use
787 3849 819 3902 of
836 3847 1045 3913 bloodhounds,
1068 3845 1102 3899 cf.
1122 3845 1254 3916 Magnus
1275 3845 1370 3915 Helga
1393 3847 1480 3918 Saga,
1499 3866 1522 3904 c.
1543 3852 1568 3906 8.

217 3938 310 3993 'rbere
325 3936 402 4006 King
414 3938 537 4006 Magnus
552 3937 685 3991 Barefoot
698 3937 793 3991 tracks
809 3939 932 4006 Magnus
947 3934 1099 4004 Erlingson
1113 3933 1151 4001 by
1164 3933 1213 3986 the
1226 3949 1305 3986 same
1318 3949 1424 3989 means.
1464 3937 1526 3992 One
1539 3939 1573 3992 of

216 4027 264 4081 the
276 4025 348 4094 dogs
360 4025 431 4094 bays
444 4034 472 4080 at
486 4025 534 4079 the
547 4025 606 4078 foot
624 4025 683 4079 ofa
696 4034 756 4079 tree
774 4025 833 4079 into
847 4023 937 4077 which
954 4023 1003 4077 the
1021 4019 1137 4091 fugitive
1151 4019 1209 4074 had
1225 4019 1356 4088 climbed,
1369 4021 1426 4074 and
1440 4021 1463 4076 is
1476 4023 1516 4080 hit
1529 4025 1567 4096 by

216 4113 274 4168 him
287 4113 353 4168 with
366 4130 384 4167 a
396 4113 497 4182 cudgel
505 4132 512 4178 ;
534 4112 704 4182 whereupon
718 4113 766 4166 the
779 4113 860 4166 beast
874 4128 940 4165 runs
953 4110 999 4178 off,
1013 4107 1144 4163 followed
1157 4108 1195 4176 by
1208 4109 1256 4162 the
1269 4107 1359 4162 whole
1373 4109 1454 4177 pack.

249 4201 260 4232 ³
278 4202 340 4256 The
353 4201 444 4256 father
456 4201 488 4255 of
497 4201 544 4256 the
557 4201 644 4271 youth
659 4201 721 4255 who
735 4201 792 4254 had
805 4200 878 4255 been
891 4197 978 4253 killed
991 4199 1028 4268 by
1042 4199 1089 4252 the
1105 4198 1196 4250 Daue.
