3832 4760
338 346 392 384 rro
574 328 730 388 PASSIO
759 329 822 386 ET
843 329 1080 390 Mllcrctzn
1114 332 1255 390 BEATI
1282 333 1425 392 0L.·1o'l.

333 551 364 613 in
392 550 445 614 illa
468 551 573 615 adhuc
597 572 724 635 pagana
747 561 856 634 gente,
874 563 910 616 ut
934 551 1009 616 fidei
1035 552 1144 618 lumen
1170 556 1300 618 auidius
1325 564 1529 638 appeterent,
1550 557 1672 638 passim

333 670 505 736 clarescere
528 674 715 738 retulerunt.
763 673 887 751 Unum,
902 677 992 755 quod
1014 675 1097 740 alter
1115 697 1227 739 corum
1252 678 1337 741 inter
1354 677 1497 758 quedam
1519 677 1584 740 alia
1605 699 1675 740 rne-

334 796 488 858 moranda
503 796 545 859 de
560 805 653 877 patre
671 817 730 859 suo
749 815 880 877 pagano
897 795 1066 872 referebat,
1082 797 1109 858 si
1129 798 1259 860 caritati
1276 808 1386 861 uestre
1406 819 1582 863 onerosum
1606 820 1672 861 non

333 913 435 993 luerit,
449 916 582 998 dignum
600 917 757 980 relatione
772 915 940 978 duximus.
986 914 1142 995 Quodam
1158 925 1318 996 tempore,
1329 937 1404 980 cum
1419 917 1672 982 christianorum

333 1036 511 1100 excercitus
527 1036 607 1100 fines
623 1036 696 1100 illos
709 1038 853 1111 intraret,
866 1044 900 1097 et
916 1034 1117 1098 execrabilia
1132 1053 1334 1114 paganorum
1351 1057 1529 1100 sacratum
1543 1049 1674 1118 reperta

332 1166 430 1238 gente
460 1167 625 1220 uastarent
635 1154 655 1234 ¹,
686 1164 884 1236 oportunum
916 1152 1120 1230 existimant,
1150 1154 1229 1215 dum
1269 1153 1450 1217 infidelium
1486 1157 1674 1236 regionibus

333 1276 474 1340 fidelium
491 1285 592 1340 terror
607 1296 651 1338 ex
667 1294 752 1338 noua
768 1273 905 1336 uictoria
922 1273 1134 1347 incumberet,
1151 1271 1294 1337 salutare
1310 1273 1386 1336 fidei
1403 1275 1541 1338 uerbum
1558 1275 1675 1339 incolis

333 1398 506 1478 predicare.
552 1393 612 1458 Cui
629 1415 721 1459 sacro
737 1396 870 1476 negotio
887 1396 967 1458 dum
991 1395 1062 1476 ipse
1078 1395 1229 1476 princeps
1245 1404 1315 1458 tum
1334 1395 1439 1472 minis,
1455 1403 1526 1458 turn
1543 1394 1675 1458 blandis

334 1517 466 1580 instaret
489 1517 628 1593 monitis,
644 1517 759 1598 prelati
785 1516 912 1580 iuuenis
935 1524 1030 1597 pater
1053 1516 1137 1578 inter
1159 1516 1339 1581 renitentes
1361 1517 1467 1580 acrius
1490 1517 1674 1580 resistebat.

335 1637 452 1700 filium
468 1658 609 1720 namque
625 1638 657 1700 in
679 1636 832 1701 conflictu
851 1636 1103 1700 christianorum
1125 1636 1252 1698 nouiter
1267 1637 1432 1714 amiserat,
1447 1646 1481 1700 et
1504 1637 1557 1700 hic
1579 1637 1675 1700 dolor

333 1757 446 1821 salutis
469 1757 557 1821 odii²
582 1767 615 1821 et
642 1757 827 1821 rebellionis
857 1757 1013 1838 precipua
1043 1776 1141 1819 causa
1172 1756 1339 1820 extiterat.
1398 1756 1474 1838 Qui,
1505 1779 1580 1820 cum
1613 1779 1674 1821 neo

335 1878 438 1950 minis,
455 1897 513 1940 nec
535 1877 676 1951 monitis,
693 1898 752 1940 nec
775 1876 840 1951 filii,
857 1896 957 1958 quem
981 1875 1137 1956 baptismi
1156 1876 1296 1956 gratiam
1319 1877 1500 1957 suscepisse
1516 1877 1674 1951 diximus,

335 1996 527 2059 salutaribus
549 1996 811 2077 persuasionibus
830 1997 971 2072 cederet,
987 1995 1098 2058 diuina
1118 1995 1255 2058 tandem
1277 1995 1486 2058 miseratione
1506 1991 1676 2077 respectus

335 2115 525 2196 grauissimo
544 2116 675 2198 langore
697 2117 878 2197 corripitur.
924 2114 1014 2202 Quid
1039 2113 1166 2195 plural»
1199 2114 1427 2179 Inualescente
1451 2116 1567 2180 morbo
1589 2125 1676 2180 tarn·

335 2236 389 2298 diu
412 2235 567 2317 fatigatur
591 2245 624 2299 et
647 2246 797 2310 uexatur,
824 2237 940 2309 donec,
963 2243 1036 2298 toto
1058 2254 1194 2316 corpore
1215 2234 1473 2316 conglomerato,
1494 2235 1674 2300 humanam

335 2357 497 2420 uideretur
525 2355 663 2419 sormam
694 2357 835 2420 exuisse.
882 2354 1115 2420 Conuocantur
1145 2356 1257 2436 itaque
1286 2356 1460 2437 aruspices,
1488 2365 1522 2428 et
1552 2358 1676 2439 quique

336 2475 465 2541 nelandi
489 2477 567 2540 ritus
589 2477 741 2558 primarii,
757 2486 793 2540 ut
814 2477 959 2540 obscena
980 2485 1049 2539 arte
1072 2475 1131 2537 uiri
1153 2475 1321 2538 doloribus
1344 2477 1567 2540 subuenirent.
1614 2476 1677 2542 Set

336 2595 505 2660 frustratur
530 2617 583 2660 ars
613 2596 765 2680 maligna,
796 2596 851 2660 ubi
882 2596 990 2678 gratia
1019 2605 1175 2677 operatur
1201 2597 1324 2660 diuina.
1369 2595 1564 2678 Alloquitur
1590 2597 1677 2660 filius

334 2718 467 2780 anxium
493 2727 629 2798 patrem,
652 2727 686 2780 et
711 2717 753 2780 de
776 2717 883 2782 salute
911 2717 981 2780 eius
1008 2717 1144 2778 nimium
1168 2715 1336 2791 sollicitus
1360 2717 1511 2798 precibus
1536 2719 1676 2781 assiduis

334 2837 487 2901 salutaria
508 2837 622 2901 miscet
642 2837 813 2920 colloquia,
829 2839 914 2900 inter
934 2837 1035 2900 fidem
1057 2846 1091 2900 et
1109 2835 1336 2901 infidelitatem
1357 2838 1594 2915 discriminans,
1612 2840 1676 2920 piis

334 2957 479 3040 gloriam,
493 2967 527 3020 et
542 2958 649 3039 impiis
662 2958 849 3040 gehennam
864 2959 1020 3040 proponit
1038 2957 1196 3021 debitam.
1239 2956 1290 3020 At
1304 2959 1460 3039 quoniam
1481 2959 1570 3022 beati
1586 2959 1676 3022 olaui

335 3078 472 3140 martiris
495 3079 652 3141 memoria
678 3079 711 3141 in
740 3079 855 3142 uicinis
885 3078 1057 3160 prouintiis
1085 3077 1130 3140 ob
1160 3077 1327 3159 signorum
1357 3077 1577 3160 frequentiam
1601 3099 1677 3160 per-

335 3195 470 3260 celebris
490 3196 636 3275 habetur,
659 3198 701 3260 ad
724 3198 826 3280 ipsius
848 3199 990 3281 gratiam
1014 3197 1249 3280 postulandam
1273 3206 1402 3279 patrem
1426 3197 1580 3261 fidentius
1598 3197 1676 3262 hor·

334 3326 431 3380 tatur.
491 3315 641 3380 Audiens
671 3317 782 3399 itaque
811 3317 1037 3382 huiuscemodi
1071 3317 1220 3381 ueritatis
1249 3317 1503 3381 insinuationem
1532 3318 1678 3402 obriguit

335 3436 443 3513 homo,
467 3437 550 3501 inter
573 3438 706 3501 indubia
736 3439 848 3520 inepte
871 3438 1036 3502 dubitans.
1083 3437 1172 3501 Hinc
1197 3457 1341 3520 namque
1367 3438 1513 3518 priorum
1541 3458 1675 3503 suorum

335 3558 422 3621 cultu
452 3567 589 3632 tenetur,
615 3557 691 3622 inde
720 3559 865 3640 corporis
895 3558 1056 3636 molestia,
1083 3568 1117 3623 et
1147 3559 1311 3621 intentato
1341 3567 1502 3639 perpetuo
1532 3560 1678 3623 cruciatu

335 3679 378 3741 ad
404 3678 516 3742 salutis
541 3678 801 3742 admonitionem
827 3680 993 3761 paulisper
1016 3678 1209 3742 emollescit.
1256 3677 1346 3741 Uicit
1368 3678 1504 3741 tandem
1529 3678 1680 3758 ualidior,

336 3818 412 3860 narn
431 3799 485 3861 diu
504 3798 639 3862 detenta
656 3798 762 3880 spolia
781 3798 923 3863 christus
938 3799 1069 3862 tiranno
1084 3798 1238 3880 surripuit
1247 3795 1270 3860 ³.
1316 3796 1491 3880 Frangitur
1509 3807 1681 3879 postremo

334 3919 498 3983 obstinata
512 3918 661 3996 efferitas,
678 3929 712 3984 et
727 3918 1541 4028 QQQQ
1557 3918 1682 3982 intimis

369 4069 378 4101 ¹
398 4070 445 4126 Sic
458 4073 488 4128 C.
497 4073 526 4128 C.
536 4073 565 4128 C.
741 4071 753 4104 ²
773 4073 828 4130 His
840 4073 916 4144 grief
924 4074 982 4128 had
995 4073 1067 4129 been
1081 4073 1129 4127 the
1142 4088 1228 4127 cause
1241 4069 1273 4126 of
1281 4069 1325 4126 his
1338 4069 1438 4128 hatred
1449 4035 1484 4124 ol'
1493 4068 1642 4125 salvation.
1666 4097 1670 4110 ·

873 4161 884 4192 ³
904 4165 933 4218 S.
948 4163 1026 4217 Luke
1039 4161 1074 4217 xi.
1088 4176 1131 4217 22.
