3832 4760
450 293 609 351 PASSIO
638 291 701 349 ET
726 290 962 350 mittem-l
997 289 1137 346 BEATI
1166 289 1309 347 OLrll'l,
1501 311 1550 349 101

205 521 265 586 tus,
292 512 334 572 de
358 512 490 574 nominc
516 511 691 592 requisitus
715 511 849 573 olauum
874 531 909 571 sc
934 508 1115 584 nominans,
1140 519 1172 570 ct
1196 507 1329 571 brachia
1359 511 1389 570 in
1420 512 1553 572 niodum

204 629 307 693 crucis
326 641 476 694 conserta
496 632 672 713 prolerenS,
692 631 776 709 Hoc,
793 629 908 712 inquit,
927 629 1026 692 modo
1048 627 1186 710 figurato
1206 631 1345 711 ingenio,
1357 651 1439 711 quos
1452 631 1554 693 defles

205 751 260 814 filii
278 751 319 814 ad
336 751 430 816 littus
447 753 616 817 ducentur.
664 751 751 816 Ecce
773 753 859 816 enim
879 753 945 815 cito
964 751 1075 814 ueniet
1090 750 1145 832 qui
1170 771 1227 813 eos
1251 750 1410 814 liberabit.
1457 751 1554 814 Pater

205 881 317 936 autem
339 872 500 937 uisionem
521 874 668 938 recolens
690 874 809 958 cuique
826 873 969 937 uenienti
993 873 1132 935 libenter
1149 871 1318 936 referebat.
1365 871 1462 954 Quod
1479 892 1554 935 cum

205 994 340 1076 quidam
365 997 546 1060 adueniens
569 997 705 1074 audiret,
731 994 916 1060 artificum1
945 993 1110 1078 professus
1133 1013 1216 1076 opus
1239 993 1451 1076 aggreditur3
1482 1013 1553 1074 per-

205 1115 358 1199 fectaque
381 1117 532 1182 machina
553 1119 595 1182 ad
618 1117 763 1201 lapidem
786 1137 890 1200 usque
914 1116 1043 1181 concito
1065 1116 1170 1198 pulsu,
1189 1115 1367 1179 multorum
1384 1113 1556 1178 conamine

205 1238 237 1300 in
269 1240 405 1302 modum
437 1240 548 1321 pontis
580 1239 782 1314 extenditur,
815 1240 847 1300 in
879 1259 946 1318 quo
978 1246 1127 1319 repentes
1157 1237 1247 1319 pueri
1278 1237 1320 1299 ad
1352 1237 1555 1300 desideratos

206 1369 379 1440 parentum
411 1361 601 1441 pertingunt
632 1358 818 1439 amplexus.
874 1358 971 1418 Pater
1001 1377 1087 1433 uero,
1119 1368 1151 1420 et
1182 1379 1264 1420 unus
1295 1376 1481 1439 puerorum,
1511 1355 1554 1418 ad

206 1479 319 1541 limina
342 1479 430 1541 beati
455 1479 596 1541 martiris
618 1477 706 1539 olaui
729 1477 772 1539 ad
797 1477 920 1558 gratias
944 1475 1129 1539 referendas
1152 1479 1308 1541 continuo
1332 1485 1482 1560 pergunt,
1499 1475 1554 1537 ubi

205 1599 264 1662 hec
281 1599 365 1661 circa
382 1619 416 1660 sc
431 1610 505 1662 acta
522 1597 704 1660 uicinorum
721 1595 934 1658 attestatione
951 1594 1144 1658 referebant.

280 1877 472 1939 QUALITER
497 1876 688 1927 DIACONUS
712 1876 863 1936 QUIDAM
888 1879 912 1923 A
938 1875 1053 1924 uoussl
1078 1877 1234 1940 DOLORE,
1259 1875 1305 1924 ET
1330 1876 1481 1925 PECCATI

650 1996 802 2059 FOlllTE,
826 1996 884 2044 SIT
909 1996 1123 2048 LIBERATUS.

294 2157 463 2220 Diaconus
483 2157 628 2238 quidam,
652 2156 785 2218 natione
808 2157 919 2228 dacus,
942 2156 984 2218 ad
1007 2155 1175 2219 ciuitatem
1192 2156 1281 2220 beati
1305 2155 1391 2218 olaui
1412 2155 1555 2230 ueniens

207 2277 240 2339 in
267 2277 373 2340 carnis
393 2277 605 2360 fragilitatem
628 2277 739 2358 lapsus
764 2275 886 2338 multos
912 2275 995 2338 filios
1018 2278 1197 2357 generauit.
1244 2276 1379 2358 Quanto
1404 2296 1557 2338 numerus

208 2397 348 2461 filiorum
378 2401 551 2478 succreuit,
583 2420 622 2462 eo
654 2397 769 2460 maiori
801 2397 996 2478 deprimitur
1026 2397 1146 2480 inopia.
1209 2397 1267 2461 Ad
1298 2419 1333 2461 se
1363 2397 1482 2478 itaque,
1513 2418 1573 2516 ex¹

207 2519 406 2602 pupillorum
433 2521 579 2602 penuria,
605 2519 742 2583 tandem
767 2538 927 2596 reuersus,
952 2517 1125 2582 consilium
1151 2529 1299 2583 nostrum
1327 2521 1501 2600 requirens
1523 2517 1572 2580 sel
1637 2571 1640 2577 .

208 2639 406 2704 monachum
437 2641 537 2704 luisse
560 2639 740 2724 profitetur,
762 2648 796 2703 et
826 2640 989 2721 susceptis
1019 2640 1219 2704 salutaribus
1242 2641 1377 2704 monitis
1398 2640 1441 2702 ad
1464 2638 1557 2702 habi·

208 2769 278 2823 tum
303 2759 467 2842 religionis
489 2763 634 2844 spondet
665 2760 897 2823 reuersionem.
944 2759 1110 2824 Elabente
1136 2769 1249 2824 autem
1279 2760 1445 2843 paulisper
1472 2767 1557 2824 tem-

208 2900 294 2962 pore,
310 2901 375 2963 que
397 2889 645 2964 conceptaerat
666 2880 930 2962 compunctionis
949 2879 1091 2944 scintilla
1112 2882 1229 2944 nociuo
1244 2881 1422 2944 suffocatur
1436 2901 1555 2958 amore,

208 3021 349 3084 cumque
383 3001 603 3066 insolubiliter
635 3001 774 3084 pristina
804 3009 972 3065 teneretur
1007 3001 1187 3084 uoluptate,
1217 3023 1262 3064 ex
1291 3001 1404 3064 diuina
1434 3001 1559 3065 ultione

208 3130 337 3185 tumore
359 3123 502 3186 uirilium
526 3121 778 3186 intolerabiliter
799 3123 989 3204 percutitur.
1037 3122 1154 3206 Uagus
1176 3121 1297 3205 itaque,
1319 3131 1354 3186 et
1376 3142 1434 3205 pre
1456 3123 1559 3186 nimio

208 3241 320 3306 dolore
345 3243 550 3307 errabundus
572 3241 724 3317 effectus,
741 3242 906 3324 siquando
928 3243 1106 3319 sinebatur,
1125 3253 1204 3308 ante
1224 3243 1329 3308 altare
1348 3244 1437 3308 beati
1460 3243 1559 3321 olaui,

207 3361 284 3425 licet
306 3361 471 3445 indignus,
488 3371 522 3426 et
541 3365 573 3427 in
594 3372 733 3446 peccato
757 3363 949 3444 perdurans,
964 3364 1085 3428 anxius
1108 3364 1334 3446 prosternitur.
1380 3363 1457 3446 Quo
1478 3364 1560 3428 dum

208 3481 409 3564 impenitens
435 3483 546 3566 sepius
572 3484 789 3565 procumbere
817 3503 885 3547 non
902 3483 1043 3562 timeret,
1065 3505 1184 3568 sopore
1210 3487 1347 3549 tandem
1377 3483 1559 3549 resoluitur.

210 3601 255 3666 Et
270 3621 347 3668 ecce
361 3603 498 3684 quidam
518 3605 550 3666 in
566 3605 677 3686 specie
697 3605 816 3669 medici
833 3604 978 3682 ueniens,
995 3605 1037 3668 de
1056 3606 1189 3669 nomine
1208 3605 1400 3682 sciscitatus,
1417 3605 1560 3669 eundem

208 3743 308 3806 quem
328 3733 505 3789 uocauerat
528 3716 663 3789 olauum
686 3745 723 3788 se
746 3745 819 3790 esse
844 3746 1004 3801 asserens,
1032 3725 1202 3791 dolentem
1230 3746 1368 3790 neruum
1394 3725 1561 3790 transfixit

208 3843 363 3908 cauterio.
413 3845 680 3928 Expergelactus
703 3847 816 3929 itaque
839 3846 975 3910 uisionis
997 3846 1130 3912 horrore
1154 3848 1349 3920 membmm‚
1365 3847 1453 3930 quod
1475 3845 1561 3912 ferro

208 3964 453 4048 sompniauerat
476 3975 611 4046 tactum,
628 3967 734 4050 ignito
757 3968 859 4032 sensit
882 3967 997 4031 dolore
1020 3989 1213 4051 respersum.
1259 3968 1394 4032 Exinde
1416 3967 1560 4034 calidum

769 4153 777 4185 ¹
799 4155 846 4210 Sic
860 4154 887 4208 in
903 4155 1005 4210 C.C.C.
