3832 4760
327 368 362 420 88
571 361 726 420 Passio
754 360 786 418 E
792 361 817 418 T
841 359 1077 422 MIRACULA
1111 360 1196 439 ΒΕΑ
1209 361 1252 418 II
1281 359 1423 419 ocrul.

328 580 464 644 martiris
495 581 577 644 olaui
609 579 755 657 liabetur,
788 592 857 646 erat
889 581 1005 644 mulier
1036 583 1191 664 quedam,
1223 580 1376 645 diuturna
1407 578 1666 662 emphilemptici

328 701 428 762 morbi
445 703 618 764 uexatione
633 709 778 784 grauata,
794 721 859 782 que
876 701 1009 764 cuidam
1030 702 1150 775 iuueni,
1168 701 1263 764 huius
1280 701 1384 764 morbi
1402 701 1523 784 ignaro,
1542 699 1665 782 nuptiis

325 821 469 883 traditur.
529 822 709 886 Celebratis
741 821 839 902 igitur
874 821 1038 892 omnibus,
1070 843 1135 902 que
1166 823 1209 884 de
1241 841 1332 885 more
1364 822 1552 904 nuptiarum
1582 821 1665 884 ordo

326 941 464 1020 petebat,
496 953 590 1006 nocte
616 942 758 1023 quadarn
790 939 853 1002 illis
886 941 1077 1013 iacentibus,
1110 940 1282 1002 infirmitas
1313 941 1492 1018 reuertitur,
1523 950 1557 1004 et
1586 941 1666 1004 elisa

326 1062 437 1141 spiritu
460 1062 666 1124 uolutabatur
689 1079 866 1141 spumans3
895 1079 1013 1139 corpus
1036 1068 1159 1131 autem,
1182 1059 1276 1140 quasi
1300 1059 1454 1122 exanime
1477 1058 1609 1137 lactum,
1633 1060 1666 1121 in

325 1179 520 1255 horribilem,
544 1189 669 1242 mutato
699 1178 818 1252 colore,
842 1177 1044 1240 conuertitur
1070 1175 1223 1239 formam.
1284 1175 1384 1258 Quod
1415 1177 1496 1239 dum
1529 1179 1667 1241 maritus

325 1312 540 1382 cognosceret,
562 1298 815 1361 infelicissimum
846 1317 882 1359 se
912 1297 1044 1376 clamat,
1063 1317 1163 1378 quem
1195 1296 1280 1360 adeo
1308 1296 1537 1360 irremediabili
1569 1297 1667 1374 malo,

325 1422 466 1500 peccatis
482 1419 697 1502 exigentibus,
713 1428 781 1480 tam
799 1417 1069 1480 indissolubiliter
1084 1417 1225 1500 contigit
1247 1417 1372 1481 sociari.
1419 1415 1538 1499 Querit
1554 1426 1667 1480 tamen

325 1561 367 1602 ex
383 1561 447 1621 quo
468 1540 663 1621 contigisset,
680 1537 731 1600 uel
755 1538 780 1599 si
804 1537 906 1600 ullum
924 1539 1242 1602 medicamentorum
1258 1539 1458 1620 quandoque
1474 1538 1666 1620 expetisset.

324 1659 379 1722 At.
395 1659 457 1738 illa,
473 1660 605 1742 singulis
629 1679 664 1722 se
680 1658 746 1720 sere
763 1659 930 1721 mensibus
947 1658 993 1720 ita
1017 1659 1172 1740 torqueri,
1189 1679 1249 1722 nec
1266 1659 1443 1740 quicquam
1462 1659 1665 1722 medicorum

322 1780 383 1841 sibi
398 1779 516 1843 fatetur
530 1779 674 1843 conlerre
691 1778 911 1858 prudentiam.
959 1777 1063 1840 Cuius
1079 1777 1175 1841 dolor
1190 1779 1270 1841 dum
1288 1799 1332 1840 ex
1356 1778 1466 1841 uultus
1482 1780 1665 1842 mutatione

327 1899 480 1978 proditur,
505 1920 548 1960 ex
575 1898 679 1960 mariti
706 1897 933 1976 conpassione,
959 1917 1025 1958 non
1059 1897 1167 1958 minus
1198 1917 1298 1977 quam
1322 1897 1453 1978 propria
1476 1897 1666 1962 infirmitate

328 2017 440 2078 mulier
463 2027 640 2097 torquetur.
687 2017 724 2077 ln
748 2014 799 2076 his
824 2015 932 2096 posita
956 2017 1118 2096 angustiis
1142 2016 1319 2096 gloriosam
1347 2017 1516 2098 uirginem,
1541 2017 1667 2080 miseri-

328 2135 434 2197 cordie
456 2135 576 2198 scilicet
600 2145 747 2208 matrem,
771 2143 805 2198 et
828 2144 979 2198 sanctum
1007 2136 1176 2198 martirem
1202 2135 1335 2198 olauum
1361 2137 1426 2218 iugi
1450 2157 1546 2218 prece
1567 2137 1666 2202 inter·

327 2254 477 2336 pellabat,
499 2266 533 2317 ut
560 2274 633 2318 suos
660 2255 789 2317 dolores
813 2276 877 2336 ope
905 2254 1079 2318 leuaminis
1107 2255 1307 2318 terminaret.
1354 2255 1528 2319 Conuento
1555 2258 1667 2339 itaque

327 2376 493 2438 sacerdote
515 2396 583 2450 su0,
608 2396 672 2456 que
697 2374 818 2456 fragilis
843 2395 919 2439 caro
946 2385 1151 2456 sucgesserat
1176 2375 1327 2438 consessa
1354 2386 1423 2438 est:
1456 2385 1506 2440 set
1533 2386 1567 2440 et
1591 2399 1667 2459 pro·

327 2497 440 2577 positis
465 2516 521 2558 sue
547 2495 674 2558 miserie
699 2495 806 2558 causis
832 2495 875 2558 de
906 2495 1053 2558 remedio
1078 2495 1185 2576 querit
1215 2495 1398 2559 consilium.
1445 2495 1529 2560 Hic¹
1553 2507 1665 2560 autem

326 2616 436 2679 diuino
457 2615 606 2679 instinctu
629 2617 672 2678 ad
697 2615 905 2698 euangelium
929 2635 1115 2692 conuersus,
1132 2636 1176 2678 ex
1200 2616 1308 2678 uerbis
1330 2615 1505 2680 dominicis
1521 2618 1664 2700 profert:

328 2735 402 2800 Hoc
424 2755 526 2818 genus
549 2737 733 2798 morborum
758 2755 824 2798 non
854 2756 953 2817 posse
983 2735 1044 2798 eici
1076 2735 1136 2798 nisi
1164 2736 1313 2799 oratione
1340 2745 1374 2798 et
1401 2735 1553 2801 ieiuni02.
1601 2737 1666 2802 His

326 2865 435 2919 autem
456 2855 633 2919 ammonita
652 2856 767 2933 uerbis,
788 2854 886 2918 simul
909 2876 984 2919 cum
1010 2855 1129 2918 marito
1152 2856 1194 2918 ad
1218 2855 1391 2919 ecclesiam
1411 2855 1499 2920 beati
1524 2857 1665 2921 martiris

326 2976 425 3039 ambo
454 2976 658 3050 conueniunt,
686 2986 728 3050 et,
756 2974 865 3038 allatis
896 2975 1038 3058 copiosis
1067 2975 1293 3049 luminaribus,
1324 2975 1410 3038 illius
1439 2997 1531 3040 sacre
1549 2979 1666 3076 ¹noctis

327 3095 490 3166 excubias,
514 3115 587 3158 cum
615 3095 686 3158 aliis
716 3095 854 3158 diuersis
884 3094 1156 3160 inualitudinibus
1186 3095 1360 3178 oppressis,
1386 3103 1458 3159 tota
1487 3096 1667 3160 deuotione

328 3215 422 3279 ieiuni
451 3223 651 3296 peregerunt.
696 3213 777 3276 Erat
808 3234 952 3296 namque
981 3215 1036 3278 die
1066 3215 1219 3298 sequenti
1249 3215 1351 3297 ipsius
1382 3215 1523 3278 martiris
1553 3217 1667 3280 uotiua

329 3335 547 3416 solempnitas.
591 3331 767 3398 Celebrato
787 3333 900 3416 itaque
920 3355 940 3398 a
959 3333 1113 3399 iratribus
1130 3335 1314 3399 nocturnali
1331 3334 1444 3413 offitio,
1460 3336 1508 3398 uti
1524 3335 1667 3418 solemp-

329 3455 420 3518 nitati
443 3453 660 3535 competebat,
677 3474 741 3534 qua
763 3452 924 3534 gloriosus
946 3453 1059 3518 christi
1082 3453 1210 3556 athleta
1239 3455 1385 3518 martirio
1408 3465 1585 3520 coronatus
1607 3466 1667 3535 est,

328 3577 461 3639 domum
479 3573 657 3649 reuertitur,
679 3595 723 3636 ex
743 3574 901 3654 temporis
924 3593 1093 3638 successus
1121 3575 1364 3656 approbatione
1389 3575 1570 3657 perlectam
1596 3597 1666 3641 sos·

328 3697 463 3777 pitatem
481 3703 663 3757 consecuta.
710 3692 797 3755 Nam
824 3713 899 3756 cum
923 3703 1016 3757 tanta
1043 3706 1130 3758 esset
1153 3695 1229 3757 mali
1262 3694 1482 3772 uehementia,
1510 3705 1548 3760 ut
1578 3697 1667 3760 nullo

327 3815 393 3878 sere
424 3834 444 3876 a
475 3813 641 3876 iuuentute
674 3832 788 3876 mense
819 3813 941 3877 omisso
975 3824 1162 3890 uexaretur,
1195 3824 1270 3897 post
1302 3824 1493 3897 perceptam
1526 3817 1666 3899 gratiam

328 3954 386 3997 nec
408 3935 507 3996 etiam
530 3932 671 3995 uisitatio
695 3911 897 4015 quandoque
927 3934 1004 3997 inde
1029 3935 1180 3998 sentitur.
1226 3934 1356 4017 Quibus
1379 3936 1602 4018 postmodum,
1624 3957 1668 4000 ex

326 4063 479 4136 percepto
505 4051 666 4130 benefitio,
693 4061 787 4116 tanta
809 4054 983 4118 accresscit
1006 4055 1155 4130 deuocio,
1188 4065 1225 4118 ut
1254 4055 1391 4137 singulis
1417 4055 1522 4132 annis,
1549 4057 1666 4121 eadem

431 4187 438 4216 ¹
460 4187 535 4240 Hinc
548 4187 575 4239 in
591 4187 654 4242 CC.
663 4189 691 4242 C.
1221 4187 1232 4219 ²
1251 4191 1279 4244 S.
1296 4191 1432 4246 Matthew
1441 4189 1563 4247 ·xvii.21.
