3830 4766
470 371 629 430 lethale)
663 371 723 427 ET
747 370 982 430 nlla—ictui
1016 371 1157 428 lllz'n'l'l
1186 373 1327 432 ΟΜΝ.
1541 383 1580 456 89

237 590 365 651 martiris
389 590 509 670 uigilia,
534 611 598 670 qua
627 591 802 652 sanitatem
828 592 1010 671 recuperari
1035 591 1212 672 gaudebat,
1238 593 1335 655 ieiuni
1365 615 1495 674 prorsus
1519 617 1578 659 ex·

234 709 327 770 cubiis
344 721 376 772 ct
390 711 578 772 elemosinis
595 711 658 772 deo
675 711 913 773 studiosissime
931 711 1140 774 famulentur.

310 998 499 1060 QUALITElt
525 1001 742 1051 INCENDIUM
768 1002 818 1050 AD
845 1003 1020 1090 largientis
1045 1004 1115 1052 SUE
1138 1003 1414 1054 OPI'OSITIONEM
1440 1007 1497 1054 SIT

786 1125 1020 1175 EXTINCTUM.

310 1271 364 1334 In¹
391 1274 526 1338 ciuitate
553 1276 698 1355 quadam
721 1277 833 1352 ruscie,
864 1298 929 1356 que
961 1276 1192 1358 holmgarder²
1219 1278 1413 1361 appellatur,
1437 1279 1576 1360 contigit

222 1393 290 1457 tale
320 1394 508 1456 incendium
532 1395 643 1456 subito
666 1397 825 1470 euenisse,
850 1406 886 1456 ut
915 1396 1020 1457 tocius
1048 1397 1137 1458 urbis
1162 1399 1303 1461 uastatio
1327 1399 1492 1463 uideretur
1515 1401 1575 1462 irn-

222 1513 355 1575 minere.
398 1511 500 1574 Cuius
518 1513 722 1574 habitatores
738 1515 890 1574 nimirum
908 1514 1026 1576 timore
1043 1515 1176 1578 resoluti
1192 1518 1234 1578 ad
1252 1520 1418 1598 quendam
1435 1520 1574 1582 latinum

221 1630 458 1724 sacerdotemJ’,
491 1633 623 1693 nomine
646 1631 865 1712 Stephanum,
895 1633 950 1712 qui
984 1633 1014 1694 in
1043 1633 1179 1696 ecclesia
1202 1638 1306 1698 sancti
1337 1638 1424 1700 olaui
1451 1640 1575 1702 ibidem

221 1752 439 1828 ministrabat,
462 1753 655 1814 cateruatim
680 1751 860 1825 confluunt,
890 1762 924 1814 ut
953 1753 985 1814 in
1016 1762 1110 1815 tanta
1138 1755 1334 1818 necessitate
1361 1757 1576 1836 experiantur

219 1872 311 1934 beati
331 1872 471 1934 martiris
495 1872 621 1948 merita,
638 1883 671 1935 et
694 1873 793 1935 certis
817 1873 997 1952 probentur
1018 1873 1146 1935 indiciis
1168 1894 1232 1954 que
1251 1875 1295 1937 de
1315 1875 1396 1956 ipsu,
1415 1875 1504 1939 sama
1526 1899 1576 1941 re·

218 1991 354 2066 serente,
370 1993 564 2056 didicerant.
612 1991 775 2056 Sacerdos
791 2002 902 2056 autern
926 1993 1006 2056 haut
1030 1994 1140 2074 segnis
1159 2014 1272 2058 eorum
1294 1994 1383 2059 fauet
1402 1996 1576 2076 uoluntati,

217 2113 411 2194 ymaginem
444 2115 513 2176 eius
536 2113 659 2194 arripit,
685 2113 826 2175 brachiis
854 2114 920 2174 suis
947 2115 1077 2194 ignibus
1114 2115 1288 2195 opposuit,
1320 2126 1370 2180 set
1399 2137 1458 2180 nec
1490 2120 1575 2199 ignis

218 2235 354 2298 ulterius
370 2235 617 2316 transgreditur,
636 2246 669 2298 et
687 2255 763 2315 pars
780 2235 892 2297 relicta
909 2235 1052 2297 ciuitatis
1068 2234 1110 2297 ab
1127 2235 1278 2298 incendio
1295 2236 1459 2300 liberatur.

306 2355 414 2418 Illud4
437 2357 537 2418 etiam
559 2355 718 2418 relatione
738 2356 875 2436 dignum
898 2365 957 2432 est,
975 2355 1064 2436 quod
1086 2355 1118 2416 in
1140 2357 1285 2436 quadam
1309 2358 1472 2437 prouintia
1495 2378 1573 2420 con-

217 2477 300 2558 tigit,
318 2496 383 2558 que
404 2475 647 2540 Thelemareh⁵
668 2487 814 2540 uocatur.
862 2476 925 2538 Die
946 2477 1067 2539 etenim
1090 2477 1242 2556 quadam,
1261 2477 1340 2538 dum
1360 2477 1466 2541 incole
1487 2478 1572 2540 illins

219 2597 359 2680 regionis
386 2598 418 2660 in
451 2597 663 2660 multitudine
694 2598 934 2670 conuenissent,
962 2607 997 2660 ut
1029 2597 1071 2660 de
1101 2596 1237 2659 ecclesia
1268 2597 1301 2658 in
1332 2597 1455 2660 honore
1483 2598 1571 2661 beati

220 2718 358 2780 martiris
373 2717 565 2781 fabricanda
581 2727 768 2792 tractarent,
781 2727 813 2779 et
832 2717 966 2797 lapides,
983 2717 1039 2798 qui
1056 2716 1183 2779 domari
1199 2726 1347 2798 possent,
1363 2738 1429 2779 non
1447 2717 1571 2780 inueni·

220 2847 300 2911 rent,
316 2837 358 2900 ad
375 2858 458 2920 opus
478 2838 622 2918 ligneum
640 2839 845 2918 propositum
861 2846 1068 2900 conuertunt.
1115 2837 1180 2898 Die
1195 2847 1316 2914 autem,
1332 2858 1397 2918 qua
1414 2839 1510 2920 isqui
1527 2839 1568 2900 ad

219 2977 300 3038 opus
315 2959 520 3040 propositum
545 2959 638 3039 quasi
661 2957 818 3040 magister
837 2958 1072 3034 adducebatur,
1088 2977 1167 3040 sepe
1188 2956 1368 3032 frustratus,
1385 2959 1447 3022 iter
1463 2980 1570 3023 reuer-

252 3142 260 3173 ¹
280 3145 354 3200 Sect.
371 3161 411 3212 14.
429 3147 459 3199 S.
501 3148 533 3198 ln
549 3147 635 3200 Hom.
658 3147 715 3214 162,
734 3145 804 3199 Mz'r.
825 3145 885 3212 xiv3
908 3146 974 3216 Leg.
995 3145 1083 3216 Saga,
1104 3157 1164 3211 rr7;
1183 3143 1307 3213 Flateyb.
1328 3146 1366 3200 11.
1383 3159 1450 3214 390:
1470 3157 1518 3202 not
1540 3146 1568 3202 in

219 3230 335 3288 Snorri's
351 3234 432 3304 Olass
444 3234 533 3304 Saga.

250 3317 261 3349 ²
280 3321 342 3374 MS.
358 3321 463 3376 C.C.C.
476 3321 560 3376 reads
573 3321 763 3390 holingarder.
802 3322 834 3374 In
848 3321 934 3375 Hom.
947 3318 1311 3388 holmgar‘6r--Novgorod
1349 3319 1404 3374 See
1421 3321 1568 3390 Cleasby's

216 3407 355 3462 Icelandt'c
377 3409 454 3463 Dict.
494 3409 526 3462 ln
552 3409 600 3463 the
623 3409 702 3463 tenth
725 3408 782 3462 and
807 3407 937 3462 eleventh
963 3406 1103 3461 centuries
1129 3407 1177 3460 the
1202 3403 1428 3461 Scandinavians
1453 3409 1567 3463 ereeted

217 3496 317 3550 castles
335 3512 367 3548 or
384 3496 566 3565 strongholds
587 3495 711 3565 (gardar)
731 3512 836 3564 among
856 3496 904 3549 the
925 3493 1102 3562 Slavonians,
1120 3503 1181 3548 east
1200 3493 1233 3546 of
1248 3493 1297 3548 the
1317 3493 1417 3563 Baltie,
1434 3495 1492 3548 and
1509 3496 1565 3550 this

216 3599 270 3636 was
287 3599 341 3638 one
358 3583 391 3638 of
408 3583 495 3638 them.
534 3583 577 3637 Cf.
593 3584 675 3653 Olass
686 3585 775 3656 Saga,
795 3601 819 3638 c.
832 3584 875 3652 65.
913 3581 1075 3650 According
1096 3590 1126 3634 to
1147 3579 1263 3647 Munch,
1284 3581 1363 3634 there
1379 3579 1402 3635 is
1419 3581 1566 3637 abundant

215 3670 365 3740 testimony
382 3681 412 3724 to
432 3672 510 3726 show
528 3672 598 3739 that,
621 3671 737 3740 already
756 3671 784 3724 in
805 3672 854 3726 the
873 3670 954 3724 ninth
972 3669 1030 3723 and
1049 3669 1129 3724 tenth
1148 3666 1288 3722 centuries
1307 3667 1379 3722 aster
1399 3668 1500 3749 Christ,
1517 3671 1566 3724 the

174 3813 178 3818 ,
216 3757 351 3813 Russians
369 3758 426 3812 and
443 3757 670 3812 Scandinavians
688 3759 746 3813 had
764 3759 861 3827 nearly
878 3759 926 3813 the
943 3774 1022 3812 same
1040 3755 1154 3826 speech.
1194 3755 1226 3807 In
1245 3755 1309 3822 fact,
1324 3755 1344 3809 it
1357 3756 1449 3809 would
1462 3757 1565 3812 almost

214 3861 289 3900 seem
308 3846 369 3900 that
388 3846 436 3900 the
455 3845 583 3900 dwellers
604 3863 641 3899 on
661 3846 731 3900 both
752 3845 828 3900 sides
846 3847 879 3900 of
893 3848 941 3901 the
961 3843 1053 3900 Baltic
1073 3861 1144 3898 were
1164 3843 1191 3895 in
1209 3843 1257 3896 the
1276 3842 1387 3898 earliest
1407 3841 1490 3897 times
1509 3861 1564 3900 one

212 3933 474 4003 people.-÷Munch,
487 3933 599 3987 Norske
610 3933 699 3988 Folks
710 3935 848 4002 Historia,
864 3935 886 3988 1.
900 3948 942 4002 39.

246 4017 257 4050 ³
275 4021 408 4076 sacerdos
421 4021 533 4090 latinus,
546 4021 685 4076 rendered
699 4019 727 4075 in
741 4009 861 4091 Homily
873 4021 912 4090 by
926 4021 957 4075 ‘a
971 4019 1048 4074 clerk
1061 4017 1118 4072 and
1131 4033 1148 4071 a
1161 4017 1292 4071 teacher!

225 4115 228 4119 '
245 4107 256 4136 ⁴
275 4110 350 4164 Sect.
367 4121 406 4178 ις,
419 4115 495 4163 caret
511 4109 542 4164 S.
582 4109 613 4162 ln
629 4109 714 4164 Hom.
733 4110 789 4176 163,
805 4109 876 4162 Mir.
891 4126 941 4175 xv;
961 4107 1027 4177 leg.
1041 4105 1129 4176 Saga,
1147 4119 1210 4170 ¹203
1229 4103 1354 4174 Flateyb.
1375 4105 1414 4160 11.
1428 4121 1480 4176 390
1487 4126 1494 4172 ;
1513 4118 1563 4162 not

214 4193 239 4248 in
254 4197 371 4251 Snorri's
388 4197 468 4267 Olass
481 4197 567 4266 Saga.
1061 4191 1072 4221 ⁶
1092 4190 1255 4264 pelemarch
1270 4189 1297 4244 in
1313 4191 1342 4246 C.
1353 4191 1382 4246 C.
1393 4193 1423 4248 C.

863 4309 886 4356 N
