<?xml version="1.0" encoding="UTF-8"?>
<!DOCTYPE html PUBLIC "-//W3C//DTD XHTML 1.0 Transitional//EN"
    "http://www.w3.org/TR/xhtml1/DTD/xhtml1-transitional.dtd">
<html xmlns="http://www.w3.org/1999/xhtml" xml:lang="en" lang="en">
 <head>
  <title>
</title>
<meta http-equiv="Content-Type" content="text/html;charset=utf-8" />
  <meta name='ocr-system' content='tesseract 3.04.00' />
  <meta name='ocr-capabilities' content='ocr_page ocr_carea ocr_par ocr_line ocrx_word'/>
</head>
<body>
  <div class='ocr_page' id='page_1' title='image "./passioetmiracul00metcgoog_0096.png"; bbox 0 0 3832 4760; ppageno 0'>
   <div class='ocr_carea' id='block_1_1' title="bbox 338 369 1430 434">
    <p class='ocr_par' dir='ltr' id='par_1_1' title="bbox 338 369 1430 434">
     <span class='ocr_line' id='line_1_1' title="bbox 338 369 1430 434; baseline -0.007 -1"><span class='ocrx_word' id='word_1_1' title='bbox 338 381 371 424; x_wconf 61' lang='grc' dir='ltr'>δὲ</span> <span class='ocrx_word' id='word_1_2' title='bbox 581 375 737 434; x_wconf 79' lang='lat' dir='ltr'><em>PASSIO</em></span> <span class='ocrx_word' id='word_1_3' title='bbox 765 375 828 432; x_wconf 83' lang='lat' dir='ltr'>ET</span> <span class='ocrx_word' id='word_1_4' title='bbox 849 371 1084 430; x_wconf 73' lang='lat' dir='ltr'><em>MIRACI&#39;LA</em></span> <span class='ocrx_word' id='word_1_5' title='bbox 1118 369 1259 428; x_wconf 78' lang='lat' dir='ltr'><em>BEATI</em></span> <span class='ocrx_word' id='word_1_6' title='bbox 1288 369 1430 428; x_wconf 68' lang='lat' dir='ltr'>OLAt&#39;l.</span> 
     </span>
    </p>
   </div>
   <div class='ocr_carea' id='block_1_2' title="bbox 335 587 1680 914">
    <p class='ocr_par' dir='ltr' id='par_1_2' title="bbox 335 587 1680 914">
     <span class='ocr_line' id='line_1_2' title="bbox 335 587 1679 673; baseline 0.001 -28"><span class='ocrx_word' id='word_1_7' title='bbox 335 587 402 647; x_wconf 84' lang='lat' dir='ltr'>leso</span> <span class='ocrx_word' id='word_1_8' title='bbox 415 599 504 653; x_wconf 90' lang='lat' dir='ltr'>tante</span> <span class='ocrx_word' id='word_1_9' title='bbox 520 593 626 655; x_wconf 90' lang='lat' dir='ltr'>diuine</span> <span class='ocrx_word' id='word_1_10' title='bbox 640 593 771 673; x_wconf 91' lang='lat' dir='ltr'>pietatis</span> <span class='ocrx_word' id='word_1_11' title='bbox 789 591 922 654; x_wconf 90' lang='lat' dir='ltr'>ubertas</span> <span class='ocrx_word' id='word_1_12' title='bbox 934 589 1035 662; x_wconf 80' lang='lat' dir='ltr'>affuit,</span> <span class='ocrx_word' id='word_1_13' title='bbox 1050 599 1085 652; x_wconf 91' lang='lat' dir='ltr'>ut</span> <span class='ocrx_word' id='word_1_14' title='bbox 1102 589 1200 652; x_wconf 86' lang='lat' dir='ltr'>nichil</span> <span class='ocrx_word' id='word_1_15' title='bbox 1218 589 1351 652; x_wconf 90' lang='lat' dir='ltr'>omuino</span> <span class='ocrx_word' id='word_1_16' title='bbox 1368 609 1484 671; x_wconf 90' lang='lat' dir='ltr'>passus</span> <span class='ocrx_word' id='word_1_17' title='bbox 1502 587 1679 650; x_wconf 87' lang='lat' dir='ltr'>uideretur.</span> 
     </span>
     <span class='ocr_line' id='line_1_3' title="bbox 336 706 1680 791; baseline 0.001 -24"><span class='ocrx_word' id='word_1_18' title='bbox 336 706 461 789; x_wconf 82' lang='lat' dir='ltr'>Lingua</span> <span class='ocrx_word' id='word_1_19' title='bbox 491 714 626 784; x_wconf 90' lang='lat' dir='ltr'>reddita,</span> <span class='ocrx_word' id='word_1_20' title='bbox 657 714 737 776; x_wconf 91' lang='lat' dir='ltr'>tibie</span> <span class='ocrx_word' id='word_1_21' title='bbox 767 723 890 788; x_wconf 90' lang='lat' dir='ltr'>sanate,</span> <span class='ocrx_word' id='word_1_22' title='bbox 920 711 1006 774; x_wconf 92' lang='lat' dir='ltr'>oculi</span> <span class='ocrx_word' id='word_1_23' title='bbox 1038 710 1189 786; x_wconf 87' lang='lat' dir='ltr'>restituti,</span> <span class='ocrx_word' id='word_1_24' title='bbox 1220 720 1253 772; x_wconf 91' lang='lat' dir='ltr'>et</span> <span class='ocrx_word' id='word_1_25' title='bbox 1282 710 1364 787; x_wconf 89' lang='lat' dir='ltr'>loca,</span> <span class='ocrx_word' id='word_1_26' title='bbox 1396 711 1422 772; x_wconf 90' lang='lat' dir='ltr'>si</span> <span class='ocrx_word' id='word_1_27' title='bbox 1453 731 1519 791; x_wconf 94' lang='lat' dir='ltr'>qua</span> <span class='ocrx_word' id='word_1_28' title='bbox 1550 708 1680 770; x_wconf 81' lang='lat' dir='ltr'>fuerant</span> 
     </span>
     <span class='ocr_line' id='line_1_4' title="bbox 335 829 1677 914; baseline 0.001 -26"><span class='ocrx_word' id='word_1_29' title='bbox 335 829 501 896; x_wconf 89' lang='lat' dir='ltr'>uulnerata</span> <span class='ocrx_word' id='word_1_30' title='bbox 525 834 576 895; x_wconf 91' lang='lat' dir='ltr'>uel</span> <span class='ocrx_word' id='word_1_31' title='bbox 598 833 677 911; x_wconf 91' lang='lat' dir='ltr'>lesa,</span> <span class='ocrx_word' id='word_1_32' title='bbox 693 833 935 914; x_wconf 83' lang='lat' dir='ltr'>integerrimam</span> <span class='ocrx_word' id='word_1_33' title='bbox 959 850 1108 910; x_wconf 86' lang='lat' dir='ltr'>recepere</span> <span class='ocrx_word' id='word_1_34' title='bbox 1124 831 1331 911; x_wconf 87' lang='lat' dir='ltr'>sospitatem.</span> <span class='ocrx_word' id='word_1_35' title='bbox 1379 831 1419 892; x_wconf 93' lang='lat' dir='ltr'>In</span> <span class='ocrx_word' id='word_1_36' title='bbox 1442 839 1677 912; x_wconf 85' lang='lat' dir='ltr'>argumentum</span> 
     </span>
    </p>
   </div>
   <div class='ocr_carea' id='block_1_3' title="bbox 336 949 1665 1059">
    <p class='ocr_par' dir='ltr' id='par_1_3' title="bbox 336 949 1665 1059">
     <span class='ocr_line' id='line_1_5' title="bbox 336 949 1665 1059; baseline 0 -49"><span class='ocrx_word' id='word_1_37' title='bbox 336 959 444 1014; x_wconf 88' lang='lat' dir='ltr'>tamen</span> <span class='ocrx_word' id='word_1_38' title='bbox 460 955 547 1034; x_wconf 92' lang='lat' dir='ltr'>quod</span> <span class='ocrx_word' id='word_1_39' title='bbox 564 955 647 1016; x_wconf 92' lang='lat' dir='ltr'>oculi</span> <span class='ocrx_word' id='word_1_40' title='bbox 664 953 791 1015; x_wconf 83' lang='lat' dir='ltr'>fuerant</span> <span class='ocrx_word' id='word_1_41' title='bbox 807 952 899 1026; x_wconf 89' lang='lat' dir='ltr'>eruti,</span> <span class='ocrx_word' id='word_1_42' title='bbox 916 950 1072 1010; x_wconf 88' lang='lat' dir='ltr'>remansit</span> <span class='ocrx_word' id='word_1_43' title='bbox 1085 949 1117 1010; x_wconf 92' lang='lat' dir='ltr'>in</span> <span class='ocrx_word' id='word_1_44' title='bbox 1134 949 1301 1030; x_wconf 89' lang='lat' dir='ltr'>palpebris</span> <span class='ocrx_word' id='word_1_45' title='bbox 1317 949 1456 1012; x_wconf 89' lang='lat' dir='ltr'>cicatrix</span> <span class='ocrx_word' id='word_1_46' title='bbox 1472 950 1665 1059; x_wconf 29' lang='lat' dir='ltr'>candidas&amp;</span> 
     </span>
    </p>
   </div>
   <div class='ocr_carea' id='block_1_4' title="bbox 359 1223 1652 1402">
    <p class='ocr_par' dir='ltr' id='par_1_4' title="bbox 359 1223 1652 1402">
     <span class='ocr_line' id='line_1_6' title="bbox 359 1223 1652 1298; baseline -0.006 -10"><span class='ocrx_word' id='word_1_47' title='bbox 359 1237 459 1298; x_wconf 87' lang='lat' dir='ltr'><strong>QUOD</strong></span> <span class='ocrx_word' id='word_1_48' title='bbox 483 1237 702 1286; x_wconf 75' lang='lat' dir='ltr'>DOLATURAS</span> <span class='ocrx_word' id='word_1_49' title='bbox 727 1235 851 1295; x_wconf 84' lang='lat' dir='ltr'><strong>UIRGE‚</strong></span> <span class='ocrx_word' id='word_1_50' title='bbox 876 1233 982 1294; x_wconf 88' lang='lat' dir='ltr'><strong>QUAM</strong></span> <span class='ocrx_word' id='word_1_51' title='bbox 1009 1223 1197 1281; x_wconf 82' lang='lat' dir='ltr'>DOMINICA</span> <span class='ocrx_word' id='word_1_52' title='bbox 1222 1233 1435 1295; x_wconf 83' lang='lat' dir='ltr'>INCIDERAT,</span> <span class='ocrx_word' id='word_1_53' title='bbox 1460 1233 1500 1280; x_wconf 92' lang='lat' dir='ltr'>IN</span> <span class='ocrx_word' id='word_1_54' title='bbox 1526 1233 1652 1281; x_wconf 85' lang='lat' dir='ltr'>PALMA</span> 
     </span>
     <span class='ocr_line' id='line_1_7' title="bbox 892 1352 1111 1402; baseline -0.009 0"><span class='ocrx_word' id='word_1_55' title='bbox 892 1352 1111 1402; x_wconf 83' lang='lat' dir='ltr'><strong>COMBUSSIT.</strong></span> 
     </span>
    </p>
   </div>
   <div class='ocr_carea' id='block_1_5' title="bbox 248 1493 1744 3495">
    <p class='ocr_par' dir='ltr' id='par_1_5' title="bbox 337 1493 1684 1818">
     <span class='ocr_line' id='line_1_8' title="bbox 422 1493 1682 1576; baseline -0.004 -18"><span class='ocrx_word' id='word_1_56' title='bbox 422 1495 650 1560; x_wconf 88' lang='lat' dir='ltr'>Accedamus¹</span> <span class='ocrx_word' id='word_1_57' title='bbox 676 1497 719 1559; x_wconf 90' lang='lat' dir='ltr'>ad</span> <span class='ocrx_word' id='word_1_58' title='bbox 747 1495 826 1558; x_wconf 92' lang='lat' dir='ltr'>illud</span> <span class='ocrx_word' id='word_1_59' title='bbox 854 1493 1055 1570; x_wconf 89' lang='lat' dir='ltr'>miraculum,</span> <span class='ocrx_word' id='word_1_60' title='bbox 1085 1495 1175 1576; x_wconf 90' lang='lat' dir='ltr'>quod</span> <span class='ocrx_word' id='word_1_61' title='bbox 1202 1493 1233 1555; x_wconf 95' lang='lat' dir='ltr'>in</span> <span class='ocrx_word' id='word_1_62' title='bbox 1261 1515 1318 1558; x_wconf 91' lang='lat' dir='ltr'>ore</span> <span class='ocrx_word' id='word_1_63' title='bbox 1345 1495 1495 1558; x_wconf 89' lang='lat' dir='ltr'>omniurn</span> <span class='ocrx_word' id='word_1_64' title='bbox 1524 1504 1682 1566; x_wconf 90' lang='lat' dir='ltr'>uersatur,</span> 
     </span>
     <span class='ocr_line' id='line_1_9' title="bbox 337 1616 1682 1698; baseline -0.004 -20"><span class='ocrx_word' id='word_1_65' title='bbox 337 1620 424 1698; x_wconf 87' lang='lat' dir='ltr'>quod</span> <span class='ocrx_word' id='word_1_66' title='bbox 457 1619 515 1681; x_wconf 89' lang='lat' dir='ltr'>etsi</span> <span class='ocrx_word' id='word_1_67' title='bbox 554 1617 729 1680; x_wconf 86' lang='lat' dir='ltr'>narrationi</span> <span class='ocrx_word' id='word_1_68' title='bbox 766 1626 876 1679; x_wconf 89' lang='lat' dir='ltr'>nostre</span> <span class='ocrx_word' id='word_1_69' title='bbox 914 1616 1087 1677; x_wconf 90' lang='lat' dir='ltr'>inserimus</span> <span class='ocrx_word' id='word_1_70' title='bbox 1125 1626 1342 1696; x_wconf 88' lang='lat' dir='ltr'>postremum,</span> <span class='ocrx_word' id='word_1_71' title='bbox 1374 1625 1536 1697; x_wconf 90' lang='lat' dir='ltr'>quantum</span> <span class='ocrx_word' id='word_1_72' title='bbox 1568 1625 1682 1678; x_wconf 89' lang='lat' dir='ltr'>tamen</span> 
     </span>
     <span class='ocr_line' id='line_1_10' title="bbox 340 1731 1684 1818; baseline -0.001 -20"><span class='ocrx_word' id='word_1_73' title='bbox 340 1738 380 1798; x_wconf 95' lang='lat' dir='ltr'>ad</span> <span class='ocrx_word' id='word_1_74' title='bbox 397 1739 542 1801; x_wconf 86' lang='lat' dir='ltr'>ordinem</span> <span class='ocrx_word' id='word_1_75' title='bbox 560 1739 602 1799; x_wconf 90' lang='lat' dir='ltr'>rei</span> <span class='ocrx_word' id='word_1_76' title='bbox 619 1747 720 1818; x_wconf 84' lang='lat' dir='ltr'>geste,</span> <span class='ocrx_word' id='word_1_77' title='bbox 738 1738 879 1818; x_wconf 90' lang='lat' dir='ltr'>primurn</span> <span class='ocrx_word' id='word_1_78' title='bbox 901 1735 962 1798; x_wconf 86' lang='lat' dir='ltr'>fuit</span> <span class='ocrx_word' id='word_1_79' title='bbox 986 1736 1134 1796; x_wconf 90' lang='lat' dir='ltr'>omniurn</span> <span class='ocrx_word' id='word_1_80' title='bbox 1158 1755 1223 1816; x_wconf 92' lang='lat' dir='ltr'>que</span> <span class='ocrx_word' id='word_1_81' title='bbox 1247 1736 1462 1798; x_wconf 91' lang='lat' dir='ltr'>narrauimus.</span> <span class='ocrx_word' id='word_1_82' title='bbox 1509 1731 1684 1814; x_wconf 77' lang='lat' dir='ltr'>Contigit²</span> 
     </span>
    </p>

    <p class='ocr_par' dir='ltr' id='par_1_6' title="bbox 248 1853 1744 3495">
     <span class='ocr_line' id='line_1_11' title="bbox 248 1853 1685 1935; baseline -0.001 -18"><span class='ocrx_word' id='word_1_83' title='bbox 248 1886 252 1890; x_wconf 31' lang='lat' dir='ltr'>v</span> <span class='ocrx_word' id='word_1_84' title='bbox 340 1857 435 1932; x_wconf 90' lang='lat' dir='ltr'>enim,</span> <span class='ocrx_word' id='word_1_85' title='bbox 465 1869 575 1920; x_wconf 92' lang='lat' dir='ltr'>sancto</span> <span class='ocrx_word' id='word_1_86' title='bbox 605 1857 712 1919; x_wconf 89' lang='lat' dir='ltr'>adhuc</span> <span class='ocrx_word' id='word_1_87' title='bbox 744 1857 776 1918; x_wconf 91' lang='lat' dir='ltr'>in</span> <span class='ocrx_word' id='word_1_88' title='bbox 810 1876 907 1918; x_wconf 92' lang='lat' dir='ltr'>carne</span> <span class='ocrx_word' id='word_1_89' title='bbox 943 1855 1084 1930; x_wconf 89' lang='lat' dir='ltr'>uiuente,</span> <span class='ocrx_word' id='word_1_90' title='bbox 1118 1854 1208 1934; x_wconf 90' lang='lat' dir='ltr'>quod</span> <span class='ocrx_word' id='word_1_91' title='bbox 1247 1856 1392 1935; x_wconf 91' lang='lat' dir='ltr'>quadam</span> <span class='ocrx_word' id='word_1_92' title='bbox 1427 1855 1481 1917; x_wconf 92' lang='lat' dir='ltr'>die</span> <span class='ocrx_word' id='word_1_93' title='bbox 1518 1853 1685 1917; x_wconf 88' lang='lat' dir='ltr'>dominica</span> 
     </span>
     <span class='ocr_line' id='line_1_12' title="bbox 339 1973 1685 2054; baseline 0 -20"><span class='ocrx_word' id='word_1_94' title='bbox 339 1975 495 2054; x_wconf 87' lang='lat' dir='ltr'>gloriosus</span> <span class='ocrx_word' id='word_1_95' title='bbox 524 1997 581 2037; x_wconf 87' lang='lat' dir='ltr'>rex</span> <span class='ocrx_word' id='word_1_96' title='bbox 612 1975 725 2037; x_wconf 90' lang='lat' dir='ltr'>olauus</span> <span class='ocrx_word' id='word_1_97' title='bbox 753 1975 923 2054; x_wconf 89' lang='lat' dir='ltr'>uirgulam,</span> <span class='ocrx_word' id='word_1_98' title='bbox 951 1973 1034 2034; x_wconf 92' lang='lat' dir='ltr'>sorte</span> <span class='ocrx_word' id='word_1_99' title='bbox 1060 1973 1115 2034; x_wconf 94' lang='lat' dir='ltr'>ubi</span> <span class='ocrx_word' id='word_1_100' title='bbox 1143 1973 1307 2036; x_wconf 89' lang='lat' dir='ltr'>residebat</span> <span class='ocrx_word' id='word_1_101' title='bbox 1336 1974 1517 2050; x_wconf 89' lang='lat' dir='ltr'>inuentam,</span> <span class='ocrx_word' id='word_1_102' title='bbox 1539 1973 1685 2050; x_wconf 73' lang='lat' dir='ltr'>cultello</span> 
     </span>
     <span class='ocr_line' id='line_1_13' title="bbox 322 2093 1686 2206; baseline 0.001 -52"><span class='ocrx_word' id='word_1_103' title='bbox 322 2114 438 2206; x_wconf 46' lang='lat' dir='ltr'>&#39;quern</span> <span class='ocrx_word' id='word_1_104' title='bbox 466 2095 497 2154; x_wconf 91' lang='lat' dir='ltr'>in</span> <span class='ocrx_word' id='word_1_105' title='bbox 529 2115 625 2156; x_wconf 90' lang='lat' dir='ltr'>manu</span> <span class='ocrx_word' id='word_1_106' title='bbox 656 2094 800 2171; x_wconf 91' lang='lat' dir='ltr'>tenebat,</span> <span class='ocrx_word' id='word_1_107' title='bbox 825 2093 962 2169; x_wconf 88' lang='lat' dir='ltr'>dolaret,</span> <span class='ocrx_word' id='word_1_108' title='bbox 993 2093 1153 2154; x_wconf 89' lang='lat' dir='ltr'>inmemor</span> <span class='ocrx_word' id='word_1_109' title='bbox 1179 2093 1268 2172; x_wconf 93' lang='lat' dir='ltr'>quod</span> <span class='ocrx_word' id='word_1_110' title='bbox 1297 2094 1463 2156; x_wconf 92' lang='lat' dir='ltr'>dominica</span> <span class='ocrx_word' id='word_1_111' title='bbox 1490 2094 1562 2156; x_wconf 91' lang='lat' dir='ltr'>dies</span> <span class='ocrx_word' id='word_1_112' title='bbox 1588 2103 1686 2155; x_wconf 90' lang='lat' dir='ltr'>esset.</span> 
     </span>
     <span class='ocr_line' id='line_1_14' title="bbox 318 2209 1685 2302; baseline 0 -26"><span class='ocrx_word' id='word_1_113' title='bbox 318 2209 525 2302; x_wconf 64' lang='lat' dir='ltr'>{Obseruant</span> <span class='ocrx_word' id='word_1_114' title='bbox 556 2214 642 2275; x_wconf 93' lang='lat' dir='ltr'>enim</span> <span class='ocrx_word' id='word_1_115' title='bbox 673 2214 704 2276; x_wconf 92' lang='lat' dir='ltr'>in</span> <span class='ocrx_word' id='word_1_116' title='bbox 736 2213 891 2294; x_wconf 87' lang='lat' dir='ltr'>noruegia</span> <span class='ocrx_word' id='word_1_117' title='bbox 921 2232 996 2274; x_wconf 89' lang='lat' dir='ltr'>curn</span> <span class='ocrx_word' id='word_1_118' title='bbox 1028 2232 1149 2293; x_wconf 84' lang='lat' dir='ltr'>magna</span> <span class='ocrx_word' id='word_1_119' title='bbox 1179 2211 1350 2293; x_wconf 82' lang='lat' dir='ltr'>diligentia</span> <span class='ocrx_word' id='word_1_120' title='bbox 1381 2211 1483 2275; x_wconf 80' lang='lat' dir='ltr'>festos</span> <span class='ocrx_word' id='word_1_121' title='bbox 1512 2214 1593 2290; x_wconf 90' lang='lat' dir='ltr'>dies,</span> <span class='ocrx_word' id='word_1_122' title='bbox 1625 2233 1685 2276; x_wconf 89' lang='lat' dir='ltr'>nec</span> 
     </span>
     <span class='ocr_line' id='line_1_15' title="bbox 329 2303 1686 2450; baseline -0.001 -55"><span class='ocrx_word' id='word_1_123' title='bbox 329 2303 425 2396; x_wconf 51' lang='lat' dir='ltr'>,unus</span> <span class='ocrx_word' id='word_1_124' title='bbox 447 2334 568 2414; x_wconf 92' lang='lat' dir='ltr'>aliquid</span> <span class='ocrx_word' id='word_1_125' title='bbox 588 2333 695 2415; x_wconf 90' lang='lat' dir='ltr'>operis</span> <span class='ocrx_word' id='word_1_126' title='bbox 717 2333 828 2414; x_wconf 91' lang='lat' dir='ltr'>magni</span> <span class='ocrx_word' id='word_1_127' title='bbox 852 2331 904 2394; x_wconf 94' lang='lat' dir='ltr'>uel</span> <span class='ocrx_word' id='word_1_128' title='bbox 928 2333 1020 2413; x_wconf 92' lang='lat' dir='ltr'>parui</span> <span class='ocrx_word' id='word_1_129' title='bbox 1043 2330 1151 2394; x_wconf 78' lang='lat' dir='ltr'>facere</span> <span class='ocrx_word' id='word_1_130' title='bbox 1174 2309 1367 2450; x_wconf 79' lang='lat' dir='ltr'>presumit.)</span> <span class='ocrx_word' id='word_1_131' title='bbox 1391 2331 1487 2396; x_wconf 91' lang='lat' dir='ltr'>Unus</span> <span class='ocrx_word' id='word_1_132' title='bbox 1515 2333 1615 2412; x_wconf 91' lang='lat' dir='ltr'>igitur</span> <span class='ocrx_word' id='word_1_133' title='bbox 1641 2353 1686 2394; x_wconf 90' lang='lat' dir='ltr'>ex</span> 
     </span>
     <span class='ocr_line' id='line_1_16' title="bbox 342 2451 1686 2536; baseline -0.001 -21"><span class='ocrx_word' id='word_1_134' title='bbox 342 2455 388 2516; x_wconf 89' lang='lat' dir='ltr'>eis</span> <span class='ocrx_word' id='word_1_135' title='bbox 403 2455 457 2534; x_wconf 91' lang='lat' dir='ltr'>qui</span> <span class='ocrx_word' id='word_1_136' title='bbox 473 2454 667 2517; x_wconf 88' lang='lat' dir='ltr'>assistebant</span> <span class='ocrx_word' id='word_1_137' title='bbox 683 2453 761 2536; x_wconf 91' lang='lat' dir='ltr'>regi,</span> <span class='ocrx_word' id='word_1_138' title='bbox 776 2453 893 2516; x_wconf 92' lang='lat' dir='ltr'>uidens</span> <span class='ocrx_word' id='word_1_139' title='bbox 911 2452 989 2534; x_wconf 93' lang='lat' dir='ltr'>quia</span> <span class='ocrx_word' id='word_1_140' title='bbox 1004 2472 1063 2514; x_wconf 87' lang='lat' dir='ltr'>rex</span> <span class='ocrx_word' id='word_1_141' title='bbox 1085 2451 1251 2514; x_wconf 90' lang='lat' dir='ltr'>dominica</span> <span class='ocrx_word' id='word_1_142' title='bbox 1267 2452 1321 2514; x_wconf 91' lang='lat' dir='ltr'>die</span> <span class='ocrx_word' id='word_1_143' title='bbox 1342 2451 1481 2528; x_wconf 90' lang='lat' dir='ltr'>dolaret,</span> <span class='ocrx_word' id='word_1_144' title='bbox 1497 2471 1557 2515; x_wconf 92' lang='lat' dir='ltr'>nec</span> <span class='ocrx_word' id='word_1_145' title='bbox 1572 2462 1686 2515; x_wconf 91' lang='lat' dir='ltr'>tamen</span> 
     </span>
     <span class='ocr_line' id='line_1_17' title="bbox 342 2569 1687 2656; baseline -0.001 -20"><span class='ocrx_word' id='word_1_146' title='bbox 342 2584 453 2654; x_wconf 88' lang='lat' dir='ltr'>aperte</span> <span class='ocrx_word' id='word_1_147' title='bbox 475 2595 571 2636; x_wconf 89' lang='lat' dir='ltr'>ausus</span> <span class='ocrx_word' id='word_1_148' title='bbox 593 2575 701 2637; x_wconf 89' lang='lat' dir='ltr'>dicere</span> <span class='ocrx_word' id='word_1_149' title='bbox 727 2575 815 2656; x_wconf 93' lang='lat' dir='ltr'>quod</span> <span class='ocrx_word' id='word_1_150' title='bbox 840 2571 1004 2636; x_wconf 91' lang='lat' dir='ltr'>dominica</span> <span class='ocrx_word' id='word_1_151' title='bbox 1032 2580 1127 2649; x_wconf 89' lang='lat' dir='ltr'>esset,</span> <span class='ocrx_word' id='word_1_152' title='bbox 1153 2569 1216 2634; x_wconf 90' lang='lat' dir='ltr'>hac</span> <span class='ocrx_word' id='word_1_153' title='bbox 1243 2571 1336 2634; x_wconf 90' lang='lat' dir='ltr'>illurn</span> <span class='ocrx_word' id='word_1_154' title='bbox 1364 2591 1446 2634; x_wconf 91' lang='lat' dir='ltr'>uoce</span> <span class='ocrx_word' id='word_1_155' title='bbox 1473 2573 1654 2636; x_wconf 91' lang='lat' dir='ltr'>commouit</span> <span class='ocrx_word' id='word_1_156' title='bbox 1664 2571 1687 2635; x_wconf 81' lang='lat'>³.</span> 
     </span>
     <span class='ocr_line' id='line_1_18' title="bbox 344 2689 1688 2776; baseline 0 -21"><span class='ocrx_word' id='word_1_157' title='bbox 344 2693 492 2771; x_wconf 90' lang='lat' dir='ltr'>Domine,</span> <span class='ocrx_word' id='word_1_158' title='bbox 516 2695 629 2776; x_wconf 91' lang='lat' dir='ltr'>inquit,</span> <span class='ocrx_word' id='word_1_159' title='bbox 657 2715 725 2768; x_wconf 77' lang='lat' dir='ltr'>reX,</span> <span class='ocrx_word' id='word_1_160' title='bbox 749 2714 819 2757; x_wconf 92' lang='lat' dir='ltr'>cras</span> <span class='ocrx_word' id='word_1_161' title='bbox 847 2693 908 2756; x_wconf 93' lang='lat' dir='ltr'>erit</span> <span class='ocrx_word' id='word_1_162' title='bbox 934 2692 1078 2754; x_wconf 88' lang='lat' dir='ltr'>secunda</span> <span class='ocrx_word' id='word_1_163' title='bbox 1102 2689 1190 2754; x_wconf 88' lang='lat' dir='ltr'>seria.</span> <span class='ocrx_word' id='word_1_164' title='bbox 1237 2691 1314 2774; x_wconf 84' lang='lat' dir='ltr'>Qua</span> <span class='ocrx_word' id='word_1_165' title='bbox 1340 2692 1600 2756; x_wconf 90' lang='lat' dir='ltr'>commonitione</span> <span class='ocrx_word' id='word_1_166' title='bbox 1627 2714 1688 2756; x_wconf 89' lang='lat' dir='ltr'>rex</span> 
     </span>
     <span class='ocr_line' id='line_1_19' title="bbox 341 2809 1688 2896; baseline 0.001 -22"><span class='ocrx_word' id='word_1_167' title='bbox 341 2813 383 2874; x_wconf 92' lang='lat' dir='ltr'>ad</span> <span class='ocrx_word' id='word_1_168' title='bbox 408 2834 443 2876; x_wconf 91' lang='lat' dir='ltr'>se</span> <span class='ocrx_word' id='word_1_169' title='bbox 468 2834 620 2886; x_wconf 87' lang='lat' dir='ltr'>reuersus,</span> <span class='ocrx_word' id='word_1_170' title='bbox 651 2823 684 2876; x_wconf 90' lang='lat' dir='ltr'>et</span> <span class='ocrx_word' id='word_1_171' title='bbox 714 2813 791 2896; x_wconf 92' lang='lat' dir='ltr'>quia</span> <span class='ocrx_word' id='word_1_172' title='bbox 822 2813 949 2894; x_wconf 89' lang='lat' dir='ltr'>uirgam</span> <span class='ocrx_word' id='word_1_173' title='bbox 981 2811 1153 2874; x_wconf 92' lang='lat' dir='ltr'>dolauerat</span> <span class='ocrx_word' id='word_1_174' title='bbox 1183 2811 1350 2875; x_wconf 91' lang='lat' dir='ltr'>dominica</span> <span class='ocrx_word' id='word_1_175' title='bbox 1376 2809 1431 2874; x_wconf 89' lang='lat' dir='ltr'>die</span> <span class='ocrx_word' id='word_1_176' title='bbox 1458 2812 1688 2876; x_wconf 90' lang='lat' dir='ltr'>uehementius</span> 
     </span>
     <span class='ocr_line' id='line_1_20' title="bbox 343 2931 1687 3013; baseline 0.001 -19"><span class='ocrx_word' id='word_1_177' title='bbox 343 2933 464 3010; x_wconf 90' lang='lat' dir='ltr'>dolens,</span> <span class='ocrx_word' id='word_1_178' title='bbox 479 2953 592 2997; x_wconf 91' lang='lat' dir='ltr'>omnes</span> <span class='ocrx_word' id='word_1_179' title='bbox 611 2933 779 2997; x_wconf 87' lang='lat' dir='ltr'>dolaturas</span> <span class='ocrx_word' id='word_1_180' title='bbox 803 2933 893 3013; x_wconf 86' lang='lat' dir='ltr'>uirge</span> <span class='ocrx_word' id='word_1_181' title='bbox 913 2931 1057 3012; x_wconf 87' lang='lat' dir='ltr'>collegit,</span> <span class='ocrx_word' id='word_1_182' title='bbox 1079 2941 1113 2995; x_wconf 90' lang='lat' dir='ltr'>et</span> <span class='ocrx_word' id='word_1_183' title='bbox 1136 2931 1293 2994; x_wconf 88' lang='lat' dir='ltr'>collectas</span> <span class='ocrx_word' id='word_1_184' title='bbox 1314 2952 1415 3013; x_wconf 92' lang='lat' dir='ltr'>super</span> <span class='ocrx_word' id='word_1_185' title='bbox 1436 2953 1572 2994; x_wconf 93' lang='lat' dir='ltr'>manum</span> <span class='ocrx_word' id='word_1_186' title='bbox 1590 2953 1687 2996; x_wconf 93' lang='lat' dir='ltr'>suam</span> 
     </span>
     <span class='ocr_line' id='line_1_21' title="bbox 316 3050 1688 3150; baseline 0.001 -36"><span class='ocrx_word' id='word_1_187' title='bbox 316 3053 418 3150; x_wconf 48' lang='lat' dir='ltr'>,igne</span> <span class='ocrx_word' id='word_1_188' title='bbox 436 3053 582 3115; x_wconf 91' lang='lat' dir='ltr'>adhibito</span> <span class='ocrx_word' id='word_1_189' title='bbox 597 3053 784 3116; x_wconf 87' lang='lat' dir='ltr'>combussit.</span> <span class='ocrx_word' id='word_1_190' title='bbox 829 3050 960 3133; x_wconf 81' lang='lat' dir='ltr'>Quibus</span> <span class='ocrx_word' id='word_1_191' title='bbox 976 3051 1157 3114; x_wconf 90' lang='lat' dir='ltr'>combustis</span> <span class='ocrx_word' id='word_1_192' title='bbox 1175 3071 1292 3113; x_wconf 91' lang='lat' dir='ltr'>manus</span> <span class='ocrx_word' id='word_1_193' title='bbox 1308 3051 1395 3114; x_wconf 92' lang='lat' dir='ltr'>illius</span> <span class='ocrx_word' id='word_1_194' title='bbox 1416 3051 1508 3114; x_wconf 90' lang='lat' dir='ltr'>illesa</span> <span class='ocrx_word' id='word_1_195' title='bbox 1524 3054 1688 3134; x_wconf 89' lang='lat' dir='ltr'>apparuit.</span> 
     </span>
     <span class='ocr_line' id='line_1_22' title="bbox 310 3153 1689 3274; baseline 0.001 -41"><span class='ocrx_word' id='word_1_196' title='bbox 310 3153 563 3274; x_wconf 32' lang='lat' dir='ltr'>{nlnnouatum4</span> <span class='ocrx_word' id='word_1_197' title='bbox 592 3183 643 3236; x_wconf 91' lang='lat' dir='ltr'>est</span> <span class='ocrx_word' id='word_1_198' title='bbox 676 3193 754 3254; x_wconf 89' lang='lat' dir='ltr'>ergo</span> <span class='ocrx_word' id='word_1_199' title='bbox 788 3170 867 3234; x_wconf 95' lang='lat' dir='ltr'>illud</span> <span class='ocrx_word' id='word_1_200' title='bbox 903 3170 1105 3246; x_wconf 89' lang='lat' dir='ltr'>miraculum,</span> <span class='ocrx_word' id='word_1_201' title='bbox 1137 3170 1228 3252; x_wconf 89' lang='lat' dir='ltr'>quod</span> <span class='ocrx_word' id='word_1_202' title='bbox 1258 3171 1338 3234; x_wconf 92' lang='lat' dir='ltr'>olim</span> <span class='ocrx_word' id='word_1_203' title='bbox 1371 3171 1460 3253; x_wconf 89' lang='lat' dir='ltr'>apud</span> <span class='ocrx_word' id='word_1_204' title='bbox 1495 3162 1689 3236; x_wconf 85' lang='lat' dir='ltr'>babilonem</span> 
     </span>
     <span class='ocr_line' id='line_1_23' title="bbox 345 3289 1744 3374; baseline 0 -20"><span class='ocrx_word' id='word_1_205' title='bbox 345 3293 377 3354; x_wconf 91' lang='lat' dir='ltr'>in</span> <span class='ocrx_word' id='word_1_206' title='bbox 402 3292 504 3356; x_wconf 88' lang='lat' dir='ltr'>tribus</span> <span class='ocrx_word' id='word_1_207' title='bbox 529 3292 635 3373; x_wconf 90' lang='lat' dir='ltr'>pueris</span> <span class='ocrx_word' id='word_1_208' title='bbox 661 3292 860 3354; x_wconf 89' lang='lat' dir='ltr'>celebratum</span> <span class='ocrx_word' id='word_1_209' title='bbox 892 3299 953 3353; x_wconf 91' lang='lat' dir='ltr'>est.</span> <span class='ocrx_word' id='word_1_210' title='bbox 997 3290 1055 3353; x_wconf 92' lang='lat' dir='ltr'>Ad</span> <span class='ocrx_word' id='word_1_211' title='bbox 1082 3291 1324 3354; x_wconf 89' lang='lat' dir='ltr'>consumendas</span> <span class='ocrx_word' id='word_1_212' title='bbox 1351 3289 1480 3372; x_wconf 87' lang='lat' dir='ltr'>uirgule</span> <span class='ocrx_word' id='word_1_213' title='bbox 1511 3292 1689 3374; x_wconf 90' lang='lat' dir='ltr'>particulas</span> <span class='ocrx_word' id='word_1_214' title='bbox 1743 3331 1744 3336; x_wconf 22' lang='grc' dir='ltr'><strong><em>κ</em></strong></span> 
     </span>
     <span class='ocr_line' id='line_1_24' title="bbox 345 3411 1690 3495; baseline 0.002 -22"><span class='ocrx_word' id='word_1_215' title='bbox 345 3413 427 3494; x_wconf 88' lang='lat' dir='ltr'>ignis</span> <span class='ocrx_word' id='word_1_216' title='bbox 450 3414 515 3474; x_wconf 93' lang='lat' dir='ltr'>uim</span> <span class='ocrx_word' id='word_1_217' title='bbox 540 3411 720 3476; x_wconf 90' lang='lat' dir='ltr'>naturalem</span> <span class='ocrx_word' id='word_1_218' title='bbox 743 3411 866 3490; x_wconf 90' lang='lat' dir='ltr'>habuit,</span> <span class='ocrx_word' id='word_1_219' title='bbox 890 3430 951 3474; x_wconf 91' lang='lat' dir='ltr'>nec</span> <span class='ocrx_word' id='word_1_220' title='bbox 973 3411 1109 3474; x_wconf 92' lang='lat' dir='ltr'>omnino</span> <span class='ocrx_word' id='word_1_221' title='bbox 1131 3411 1243 3474; x_wconf 88' lang='lat' dir='ltr'>ledere</span> <span class='ocrx_word' id='word_1_222' title='bbox 1268 3411 1373 3474; x_wconf 90' lang='lat' dir='ltr'>ualuit</span> <span class='ocrx_word' id='word_1_223' title='bbox 1397 3411 1581 3474; x_wconf 91' lang='lat' dir='ltr'>innocentis</span> <span class='ocrx_word' id='word_1_224' title='bbox 1604 3414 1690 3495; x_wconf 84' lang='lat' dir='ltr'>regis</span> 
     </span>
    </p>
   </div>
   <div class='ocr_carea' id='block_1_6' title="bbox 346 3510 1694 4261">
    <p class='ocr_par' dir='ltr' id='par_1_7' title="bbox 347 3550 1281 3652">
     <span class='ocr_line' id='line_1_25' title="bbox 347 3550 1270 3595; baseline -0.005 0"><span class='ocrx_word' id='word_1_225' title='bbox 347 3552 487 3595; x_wconf 89' lang='lat' dir='ltr'>manum.</span> <span class='ocrx_word' id='word_1_226' title='bbox 1237 3550 1270 3590; x_wconf 71' lang='lat'>⁴.</span> 
     </span>
     <span class='ocr_line' id='line_1_26' title="bbox 1255 3593 1281 3652; baseline 0 -4"><span class='ocrx_word' id='word_1_227' title='bbox 1255 3593 1281 3652; x_wconf 59' lang='lat' dir='ltr'>b</span> 
     </span>
    </p>

    <p class='ocr_par' dir='ltr' id='par_1_8' title="bbox 348 3510 1694 3825">
     <span class='ocr_line' id='line_1_27' title="bbox 380 3510 1694 3740; baseline 0.001 -18"><span class='ocrx_word' id='word_1_228' title='bbox 380 3667 389 3698; x_wconf 90' lang='lat'>¹</span> <span class='ocrx_word' id='word_1_229' title='bbox 400 3510 811 3738; x_wconf 51' lang='lat' dir='ltr'>‘Accvdmus-narrauimusss</span> <span class='ocrx_word' id='word_1_230' title='bbox 817 3674 893 3723; x_wconf 81' lang='lat' dir='ltr'>caret</span> <span class='ocrx_word' id='word_1_231' title='bbox 900 3669 932 3723; x_wconf 91' lang='lat' dir='ltr'>S.</span> <span class='ocrx_word' id='word_1_232' title='bbox 960 3667 1045 3724; x_wconf 84' lang='lat' dir='ltr'>Hom.</span> <span class='ocrx_word' id='word_1_233' title='bbox 1058 3669 1114 3738; x_wconf 81' lang='lat'>156,</span> <span class='ocrx_word' id='word_1_234' title='bbox 1124 3670 1198 3724; x_wconf 68' lang='grc' dir='ltr'>Μὶν,</span> <span class='ocrx_word' id='word_1_235' title='bbox 1211 3589 1272 3735; x_wconf 77' lang='grc' dir='ltr'><strong><em>κλλλ,</em></strong></span> <span class='ocrx_word' id='word_1_236' title='bbox 1286 3669 1352 3740; x_wconf 68' lang='lat' dir='ltr'>Lag.</span> <span class='ocrx_word' id='word_1_237' title='bbox 1363 3669 1452 3739; x_wconf 82' lang='lat' dir='ltr'>Saga,</span> <span class='ocrx_word' id='word_1_238' title='bbox 1465 3683 1530 3736; x_wconf 81' lang='lat'>1103</span> <span class='ocrx_word' id='word_1_239' title='bbox 1547 3669 1694 3724; x_wconf 85' lang='lat' dir='ltr'>Heimskr.</span> 
     </span>
     <span class='ocr_line' id='line_1_28' title="bbox 348 3756 726 3825; baseline 0.005 -17"><span class='ocrx_word' id='word_1_240' title='bbox 348 3756 415 3820; x_wconf 83' lang='lat'><strong>462;</strong></span> <span class='ocrx_word' id='word_1_241' title='bbox 438 3756 516 3825; x_wconf 85' lang='lat' dir='ltr'>Olass</span> <span class='ocrx_word' id='word_1_242' title='bbox 528 3756 615 3825; x_wconf 79' lang='lat' dir='ltr'>Saga,</span> <span class='ocrx_word' id='word_1_243' title='bbox 628 3773 652 3810; x_wconf 91' lang='lat' dir='ltr'>c.</span> <span class='ocrx_word' id='word_1_244' title='bbox 669 3756 726 3810; x_wconf 87' lang='lat'>186.</span> 
     </span>
    </p>

    <p class='ocr_par' dir='ltr' id='par_1_9' title="bbox 346 3841 1694 4172">
     <span class='ocr_line' id='line_1_29' title="bbox 380 3841 1694 3913; baseline 0 -17"><span class='ocrx_word' id='word_1_245' title='bbox 380 3841 391 3873; x_wconf 82' lang='lat'>²</span> <span class='ocrx_word' id='word_1_246' title='bbox 409 3844 482 3896; x_wconf 88' lang='lat' dir='ltr'>Sect.</span> <span class='ocrx_word' id='word_1_247' title='bbox 492 3858 517 3910; x_wconf 89' lang='lat'>9.</span> <span class='ocrx_word' id='word_1_248' title='bbox 527 3844 558 3897; x_wconf 91' lang='lat' dir='ltr'>S.</span> <span class='ocrx_word' id='word_1_249' title='bbox 595 3843 691 3896; x_wconf 92' lang='lat' dir='ltr'>Snorri</span> <span class='ocrx_word' id='word_1_250' title='bbox 705 3843 846 3897; x_wconf 89' lang='lat' dir='ltr'>mentions</span> <span class='ocrx_word' id='word_1_251' title='bbox 859 3843 915 3896; x_wconf 89' lang='lat' dir='ltr'>this</span> <span class='ocrx_word' id='word_1_252' title='bbox 933 3860 965 3896; x_wconf 90' lang='lat' dir='ltr'>as</span> <span class='ocrx_word' id='word_1_253' title='bbox 979 3843 1085 3912; x_wconf 86' lang='lat' dir='ltr'>having</span> <span class='ocrx_word' id='word_1_254' title='bbox 1102 3842 1240 3896; x_wconf 90' lang='lat' dir='ltr'>occurred</span> <span class='ocrx_word' id='word_1_255' title='bbox 1257 3843 1360 3912; x_wconf 85' lang='lat' dir='ltr'>during</span> <span class='ocrx_word' id='word_1_256' title='bbox 1378 3843 1426 3898; x_wconf 91' lang='lat' dir='ltr'>the</span> <span class='ocrx_word' id='word_1_257' title='bbox 1443 3842 1543 3913; x_wconf 90' lang='lat' dir='ltr'>period</span> <span class='ocrx_word' id='word_1_258' title='bbox 1561 3843 1594 3896; x_wconf 86' lang='lat' dir='ltr'>of</span> <span class='ocrx_word' id='word_1_259' title='bbox 1605 3843 1694 3897; x_wconf 70' lang='lat' dir='ltr'>Olat&#39;s</span> 
     </span>
     <span class='ocr_line' id='line_1_30' title="bbox 346 3919 1693 4000; baseline 0.001 -18"><span class='ocrx_word' id='word_1_260' title='bbox 346 3939 407 3997; x_wconf 86' lang='lat' dir='ltr'>stay</span> <span class='ocrx_word' id='word_1_261' title='bbox 423 3929 450 3982; x_wconf 91' lang='lat' dir='ltr'>in</span> <span class='ocrx_word' id='word_1_262' title='bbox 467 3929 576 3996; x_wconf 84' lang='lat' dir='ltr'>Russia,</span> <span class='ocrx_word' id='word_1_263' title='bbox 587 3929 644 3983; x_wconf 89' lang='lat' dir='ltr'>and</span> <span class='ocrx_word' id='word_1_264' title='bbox 657 3931 705 3984; x_wconf 89' lang='lat' dir='ltr'>the</span> <span class='ocrx_word' id='word_1_265' title='bbox 719 3919 845 3984; x_wconf 92' lang='lat' dir='ltr'>Louvain</span> <span class='ocrx_word' id='word_1_266' title='bbox 860 3930 1026 3998; x_wconf 88' lang='lat' dir='ltr'>Legendary</span> <span class='ocrx_word' id='word_1_267' title='bbox 1044 3947 1110 3998; x_wconf 88' lang='lat' dir='ltr'>says</span> <span class='ocrx_word' id='word_1_268' title='bbox 1123 3931 1268 3999; x_wconf 88' lang='lat' dir='ltr'>expressly</span> <span class='ocrx_word' id='word_1_269' title='bbox 1282 3929 1361 4000; x_wconf 89' lang='lat' dir='ltr'>‘ipso</span> <span class='ocrx_word' id='word_1_270' title='bbox 1381 3929 1409 3984; x_wconf 93' lang='lat' dir='ltr'>in</span> <span class='ocrx_word' id='word_1_271' title='bbox 1423 3929 1527 3984; x_wconf 84' lang='lat' dir='ltr'>Russia</span> <span class='ocrx_word' id='word_1_272' title='bbox 1544 3929 1693 3986; x_wconf 69' lang='lat' dir='ltr'>existenti!</span> 
     </span>
     <span class='ocr_line' id='line_1_31' title="bbox 347 4016 1689 4087; baseline 0.001 -17"><span class='ocrx_word' id='word_1_273' title='bbox 347 4017 406 4070; x_wconf 90' lang='lat' dir='ltr'>Our</span> <span class='ocrx_word' id='word_1_274' title='bbox 424 4017 523 4070; x_wconf 89' lang='lat' dir='ltr'>author</span> <span class='ocrx_word' id='word_1_275' title='bbox 540 4027 588 4070; x_wconf 89' lang='lat' dir='ltr'>too</span> <span class='ocrx_word' id='word_1_276' title='bbox 606 4027 695 4072; x_wconf 85' lang='lat' dir='ltr'>states</span> <span class='ocrx_word' id='word_1_277' title='bbox 716 4017 785 4086; x_wconf 89' lang='lat' dir='ltr'>that,</span> <span class='ocrx_word' id='word_1_278' title='bbox 805 4017 833 4071; x_wconf 94' lang='lat' dir='ltr'>in</span> <span class='ocrx_word' id='word_1_279' title='bbox 850 4017 934 4072; x_wconf 90' lang='lat' dir='ltr'>order</span> <span class='ocrx_word' id='word_1_280' title='bbox 951 4017 983 4071; x_wconf 80' lang='lat' dir='ltr'>os</span> <span class='ocrx_word' id='word_1_281' title='bbox 994 4016 1071 4087; x_wconf 90' lang='lat' dir='ltr'>time,</span> <span class='ocrx_word' id='word_1_282' title='bbox 1084 4017 1105 4071; x_wconf 92' lang='lat' dir='ltr'>it</span> <span class='ocrx_word' id='word_1_283' title='bbox 1125 4034 1182 4070; x_wconf 90' lang='lat' dir='ltr'>was</span> <span class='ocrx_word' id='word_1_284' title='bbox 1200 4017 1248 4072; x_wconf 90' lang='lat' dir='ltr'>the</span> <span class='ocrx_word' id='word_1_285' title='bbox 1265 4017 1378 4072; x_wconf 88' lang='lat' dir='ltr'>earliest</span> <span class='ocrx_word' id='word_1_286' title='bbox 1396 4017 1429 4070; x_wconf 87' lang='lat' dir='ltr'>of</span> <span class='ocrx_word' id='word_1_287' title='bbox 1443 4017 1480 4071; x_wconf 92' lang='lat' dir='ltr'>all</span> <span class='ocrx_word' id='word_1_288' title='bbox 1499 4018 1560 4072; x_wconf 88' lang='lat' dir='ltr'>that</span> <span class='ocrx_word' id='word_1_289' title='bbox 1580 4017 1617 4072; x_wconf 90' lang='lat' dir='ltr'>he</span> <span class='ocrx_word' id='word_1_290' title='bbox 1637 4018 1689 4072; x_wconf 90' lang='lat' dir='ltr'>has</span> 
     </span>
     <span class='ocr_line' id='line_1_32' title="bbox 346 4101 1549 4172; baseline 0.003 -18"><span class='ocrx_word' id='word_1_291' title='bbox 346 4102 488 4156; x_wconf 88' lang='lat' dir='ltr'>recorded.</span> <span class='ocrx_word' id='word_1_292' title='bbox 591 4165 593 4172; x_wconf 19' lang='lat' dir='ltr'>y</span> <span class='ocrx_word' id='word_1_293' title='bbox 1158 4101 1362 4159; x_wconf 78' lang='lat' dir='ltr'>³commonuit</span> <span class='ocrx_word' id='word_1_294' title='bbox 1375 4105 1400 4158; x_wconf 87' lang='lat' dir='ltr'><em>S</em></span> <span class='ocrx_word' id='word_1_295' title='bbox 1413 4103 1549 4172; x_wconf 85' lang='lat' dir='ltr'>(rightly).</span> 
     </span>
    </p>

    <p class='ocr_par' dir='ltr' id='par_1_10' title="bbox 393 4189 1542 4261">
     <span class='ocr_line' id='line_1_33' title="bbox 393 4189 1542 4261; baseline 0.004 -21"><span class='ocrx_word' id='word_1_296' title='bbox 393 4189 403 4218; x_wconf 84' lang='lat'>⁴</span> <span class='ocrx_word' id='word_1_297' title='bbox 422 4190 777 4259; x_wconf 84' lang='lat' dir='ltr'>‘lnnouatum-manum,’</span> <span class='ocrx_word' id='word_1_298' title='bbox 788 4192 917 4259; x_wconf 83' lang='lat' dir='ltr'>caretS.;</span> <span class='ocrx_word' id='word_1_299' title='bbox 936 4191 1019 4261; x_wconf 87' lang='lat' dir='ltr'>given</span> <span class='ocrx_word' id='word_1_300' title='bbox 1033 4191 1061 4245; x_wconf 94' lang='lat' dir='ltr'>in</span> <span class='ocrx_word' id='word_1_301' title='bbox 1077 4192 1159 4246; x_wconf 88' lang='lat' dir='ltr'>Hom.</span> <span class='ocrx_word' id='word_1_302' title='bbox 1176 4192 1232 4260; x_wconf 80' lang='lat'>156.</span> <span class='ocrx_word' id='word_1_303' title='bbox 1273 4191 1314 4246; x_wconf 81' lang='lat' dir='ltr'>cf.</span> <span class='ocrx_word' id='word_1_304' title='bbox 1329 4191 1433 4245; x_wconf 91' lang='lat' dir='ltr'>Daniel</span> <span class='ocrx_word' id='word_1_305' title='bbox 1446 4190 1484 4246; x_wconf 91' lang='lat' dir='ltr'>iii.</span> <span class='ocrx_word' id='word_1_306' title='bbox 1498 4204 1542 4260; x_wconf 82' lang='lat'>25.</span> 
     </span>
    </p>
   </div>
   <div class='ocr_carea' id='block_1_7' title="bbox 0 0 1936 4760">
    <p class='ocr_par' dir='ltr' id='par_1_11' title="bbox 0 0 1936 4760">
     <span class='ocr_line' id='line_1_34' title="bbox 0 0 1936 4760; baseline 0 0"><span class='ocrx_word' id='word_1_307' title='bbox 0 0 1936 4760; x_wconf 95' lang='lat' dir='ltr'> </span> 
     </span>
    </p>
   </div>
  </div>
 </body>
</html>
