3832 4760
349 313 400 351 roz
582 291 738 352 PASSIO
766 293 831 351 ET
853 292 1089 352 MIRACULA
1123 293 1267 352 BEATI
1295 293 1437 352 OLAUI.

343 510 472 591 requirit
495 511 654 591 balneum,
672 523 707 578 ut
728 512 850 576 lenium
871 513 990 578 saltem
1014 535 1173 596 aquarum
1196 513 1344 578 fomento
1367 513 1571 578 tolerabilior
1591 514 1685 582 fieret

344 632 418 694 mali
438 633 649 696 uehementia.
694 632 770 718 Quo
792 636 872 698 dum
892 634 1060 713 resideret,
1076 637 1172 700 iuxta
1194 645 1352 714 uentrem,
1369 635 1426 700 ubi
1445 636 1567 700 ferrum
1592 638 1683 701 uide-

342 753 436 818 batur
456 755 657 832 transfixum,
683 754 810 818 solutus
832 755 958 818 decidit
981 777 1110 832 neruus,
1134 777 1208 820 cum
1237 777 1303 838 quo
1329 766 1363 820 et
1386 757 1526 820 facultas
1549 759 1684 822 recessit

343 876 505 956 peccandi.
560 875 658 958 Quod
689 885 801 938 autem
833 875 962 938 caritati
993 886 1102 939 uestre
1134 897 1178 938 ex
1209 877 1270 940 hoc
1302 876 1481 951 referimus,
1511 879 1683 943 aduocatis

342 996 475 1060 ecclesie
501 1007 609 1060 nostre
632 994 822 1073 senioribus,
849 993 911 1074 ipsi
935 996 1176 1076 perspeximus.

426 1119 502 1180 Duo
517 1114 648 1178 fratres¹
667 1114 806 1195 hyspani
833 1133 877 1174 ex
899 1114 1050 1194 partibus
1072 1113 1186 1196 galitie
1205 1123 1384 1191 uenerunt3
1411 1115 1477 1196 qui,
1495 1134 1571 1178 cum
1591 1117 1683 1180 uitri·

342 1258 413 1301 curn
435 1237 532 1300 armis
559 1235 773 1317 impetissent,
800 1242 939 1296 matrem
964 1255 1000 1296 se
1026 1234 1221 1296 obitientem
1251 1233 1364 1315 gladio
1395 1244 1605 1310 necauerunt,
1633 1235 1682 1300 in·

340 1368 489 1440 superet
515 1357 619 1419 uirum
641 1354 831 1438 fugientem,
855 1352 949 1419 cum²
970 1355 1179 1430 monasteri0,
1208 1355 1241 1416 in
1267 1373 1334 1436 quo
1361 1362 1534 1437 susceptus
1561 1364 1621 1434 est,
1648 1363 1683 1420 et

339 1479 482 1560 quinque
518 1475 692 1552 monachis,
723 1475 876 1539 incendio
906 1475 1135 1553 tradiderunt;
1181 1476 1269 1538 unde
1299 1473 1384 1539 ferro
1417 1483 1451 1538 et
1485 1475 1681 1558 grauissima

340 1597 517 1678 penitentia
545 1597 667 1660 astricti
697 1596 865 1660 uniuersos
898 1596 1046 1660 fidelium
1077 1607 1253 1680 peragrant
1283 1595 1375 1659 fines.
1436 1596 1502 1660 His
1532 1597 1680 1673 tandem,

340 1718 427 1781 fama
451 1719 599 1792 ducente,
626 1716 851 1780 remotissimis
878 1717 1007 1798 appulsi
1031 1716 1227 1799 regionibus,
1254 1716 1360 1778 iunior
1384 1715 1530 1793 fratrum,
1552 1717 1609 1800 qui
1635 1740 1679 1782 ex

339 1837 459 1900 brachii
479 1847 605 1900 tumore
627 1847 660 1900 et
681 1837 754 1899 ferri
776 1837 941 1900 edacitate
963 1836 1059 1898 morti
1084 1836 1259 1899 uidebatur
1280 1835 1461 1918 proximus,
1476 1845 1553 1900 ante
1575 1837 1681 1901 altare

340 1955 427 2019 beati
448 1956 534 2018 olaui
555 1957 697 2037 quadam
722 1966 818 2019 nocte
841 1955 1016 2030 dominica,
1040 1955 1073 2016 in
1099 1954 1179 2037 ipsis
1205 1954 1383 2032 matutinis,
1406 1955 1537 2018 uinculo
1558 1958 1683 2038 pariter

340 2085 374 2137 et
393 2074 504 2138 dolore
525 2074 688 2138 liberatur.

425 2197 509 2260 Item
540 2194 648 2258 hieme
676 2194 826 2276 sequenti
857 2194 984 2257 iuuenis
1014 2195 1159 2277 quidam,
1191 2195 1246 2276 qui
1273 2196 1329 2257 diu
1361 2206 1471 2260 mutus
1508 2197 1678 2275 extiterat,

338 2316 501 2399 loquelam
523 2315 653 2398 recepit.

422 2436 504 2500 Erat
521 2446 666 2520 preterea
684 2436 717 2497 in
732 2434 851 2498 uicinio
873 2435 1018 2498 ciuitatis
1039 2434 1179 2499 rusticus
1197 2435 1343 2518 quidam,
1363 2435 1497 2500 nomine
1513 2435 1680 2517 Thordus‚

337 2559 442 2622 dictus
464 2557 619 2621 norwaice
641 2554 751 2622 inair³.
797 2555 886 2618 Huic
909 2565 979 2620 erat
1002 2555 1095 2620 filius·
1115 2555 1259 2620 multum
1281 2555 1433 2634 dilectus,
1458 2557 1537 2639 quia
1566 2557 1681 2622 unicus

336 2689 414 2751 erat,
443 2687 553 2743 tamen
583 2686 770 2741 contractus
799 2676 949 2758 genibus,
976 2677 1023 2740 ita
1052 2677 1142 2759 quod
1176 2676 1324 2739 cruribus
1355 2676 1460 2759 pedes
1489 2676 1681 2741 uiderentur

336 2799 506 2863 coniuncti.
550 2796 700 2880 Cumque
725 2787 821 2879 pater
842 2817 886 2859 ex
910 2796 1026 2878 puerili
1049 2796 1164 2860 dolore
1185 2796 1400 2860 uehementer
1425 2807 1612 2878 angeretur,
1635 2798 1679 2862 ad

336 2920 504 2984 ecclesiam
529 2919 618 2984 beati
643 2916 784 2981 martiris
813 2917 846 2979 in
874 2916 945 2980 eius
975 2915 1089 3000 uigilia
1118 2936 1194 2980 eum
1225 2915 1355 2981 detulit.
1399 2915 1451 2980 At
1476 2936 1553 2980 cum
1583 2917 1681 2982 iuxta

335 3051 461 3123 patrem
489 3039 559 3122 ipse
584 3057 665 3120 puer
693 3045 912 3120 soporaretur,
942 3037 976 3099 in
1006 3036 1156 3119 sompnis
1179 3038 1274 3106 uisus,
1301 3017 1441 3100 est-sibi
1468 3036 1606 3120 quidam
1630 3039 1681 3110 uir

335 3169 429 3224 tanto
449 3158 619 3223 conamine
640 3156 780 3240 plicatos
803 3165 896 3222 artus
926 3157 1118 3230 extendere,
1143 3163 1317 3238 quatenus,
1344 3164 1383 3218 ut
1413 3155 1525 3218 mitius
1554 3167 1679 3238 ageret,

335 3281 474 3345 clamare
488 3287 665 3361 cogeretur.
710 3275 976 3360 Expergefactus
988 3284 1101 3340 autem
1116 3296 1137 3340 a
1152 3295 1295 3359 sompno
1311 3295 1412 3339 sanus
1426 3275 1580 3340 surrexit.

370 3502 380 3534 ¹
398 3502 467 3558 This
480 3501 592 3557 miracle
604 3500 758 3556 resembles
773 3499 891 3556 Miracle
905 3502 962 3556 No.
976 3516 1000 3570 2,
1014 3517 1051 3555 on
1064 3517 1138 3571 page
1152 3501 1187 3570 96
1200 3501 1300 3556 above.

368 3590 380 3622 ⁸
397 3591 456 3646 ‘in'
468 3589 591 3645 inserted
603 3589 632 3642 in
645 3589 676 3643 C.
686 3589 716 3643 C.
725 3588 756 3644 C.
769 3588 841 3642 after
853 3587 933 3642 ‘cnm
943 3585 950 3606 ⁸
961 3588 1000 3657 by
1013 3605 1099 3644 error.

367 3675 379 3708 ⁸
396 3676 511 3751 portius,
525 3678 587 3733 MS.
612 3675 700 3730 Einar
711 3675 735 3729 is
748 3692 766 3729 a
778 3691 910 3730 common
925 3677 952 3728 N
955 3692 1018 3730 orse
1031 3691 1131 3743 name3
1150 3691 1183 3729 so
1196 3673 1220 3729 is
1234 3673 1508 3752 pdr‘drsshordusk
1526 3674 1614 3746 being
1625 3692 1681 3732 one

333 3767 366 3819 of
374 3767 421 3820 the
433 3781 518 3834 many
528 3781 631 3835 proper
641 3779 740 3818 names
750 3761 866 3818 derived
878 3763 951 3816 from
960 3763 1009 3817 the
1018 3779 1103 3817 name
1116 3761 1149 3816 of
1157 3763 1207 3817 the
1217 3762 1284 3818 God
1292 3763 1326 3816 of
1335 3763 1480 3818 Thunder.
1507 3765 1570 3818 The
1582 3781 1681 3818 mean·

334 3852 381 3922 ing
396 3853 430 3906 of
436 3854 484 3908 the
496 3863 553 3907 text
565 3851 589 3906 is
601 3861 650 3906 not
662 3851 746 3907 clear.
785 3851 818 3904 ln
830 3851 879 3905 the
894 3851 956 3904 MS.
971 3850 1020 3905 the
1038 3849 1145 3904 second
1162 3865 1268 3920 proper
1283 3866 1369 3905 name
1388 3849 1478 3920 might
1491 3852 1605 3920 equally
1618 3852 1681 3908 well

333 3941 369 3994 be
378 3938 551 3994 read‘mair.’
581 3939 650 4008 May
657 3937 714 3992 this
726 3938 799 3992 have
811 3938 884 3992 been
897 3954 934 3992 an
947 3954 1026 3992 error
1037 3937 1071 3990 of
1078 3936 1127 3991 the
1137 3935 1230 3990 scribe
1243 3937 1287 3990 for
1299 3936 1410 4006 ‘maen’
1422 3939 1479 3993 Old
1494 3939 1532 3992 N.
1543 3939 1676 3993 ‘maer’-

333 4027 528 4082 ‘maiden'-a
544 4025 693 4081 niclmame
706 4023 798 4080 which
816 4041 916 4079 occurs
936 4023 964 4078 in
985 4023 1198 4079 scandinavia?
1234 4024 1379 4092 Malcolm,
1394 4025 1470 4096 King
1486 4025 1519 4079 of
1532 4025 1679 4095 Scotland',

335 4128 408 4184 1153,
421 4125 492 4170 went
505 4115 542 4182 by
554 4114 609 4169 this
622 4129 721 4179 name;
742 4114 850 4168 Hector
864 4111 1010 4180 Boethius,
1020 4112 1155 4166 Historia
1168 4111 1327 4182 Scofomm,
1339 4113 1419 4167 Book
1433 4114 1587 4168 Xlll.c.1.
