3832 4760
449 345 609 406 PASSIO
638 347 703 406 ET
726 346 963 406 MllbrchLn
996 347 1140 406 BEnTl
1169 347 1312 404 OLAUI.
1518 367 1554 422 99

203 563 277 626 filiis
293 570 327 626 et
342 572 413 627 tota
430 565 531 628 domo
547 587 605 628 sua
623 564 837 629 deuotissime
853 565 996 640 dedituS,
1008 586 1050 627 ex
1068 565 1215 646 predicta
1232 563 1395 646 prouintia
1411 584 1552 626 annuam

203 685 377 749 collectam
405 687 580 768 suscipere,
605 689 704 750 etad
734 687 906 750 ecclesiam
932 687 1020 748 beati
1042 687 1129 748 olaui
1153 685 1289 768 singulis
1314 686 1406 746 annis
1426 686 1555 748 mittere

203 806 351 869 curabat.
411 807 512 870 Unde
539 807 600 889 ipsi
632 808 769 884 martiri,
799 809 842 871 de
874 807 997 871 meritis
1030 827 1173 883 securus
1203 806 1305 868 filium
1335 805 1554 882 commendat,

203 947 337 989 aureum
354 927 489 990 anulum
507 929 617 1012 magni
634 929 790 1012 ponderis
806 930 849 992 ad
867 929 936 992 eius
953 929 1135 1006 ecclesiam,
1151 927 1244 1010 quasi
1260 947 1367 990 arram
1384 927 1554 996 maiorum,

202 1047 410 1128 promittens
435 1049 463 1110 si
492 1049 561 1113 eius
592 1051 751 1115 benefitio
782 1052 893 1114 amissi
920 1051 1067 1134 pignoris
1091 1059 1269 1113 mereretur
1284 1058 1400 1132 optata
1423 1067 1554 1128 suscep·
1611 1125 1615 1142 ι

202 1168 293 1232 tione
315 1170 423 1252 potiri.
479 1169 633 1254 Cumque
659 1175 780 1237 eodem
811 1183 964 1255 tempore
994 1193 1076 1255 puer
1106 1171 1138 1234 in
1170 1171 1320 1236 custodia
1350 1189 1554 1252 paganorum

201 1309 277 1352 cum
296 1292 443 1372 quodam
464 1293 529 1356 alio
551 1293 730 1358 christiano
749 1304 925 1369 teneretur,
943 1294 1026 1356 uidit
1050 1293 1082 1356 in
1106 1294 1255 1375 sompnis
1271 1292 1438 1375 quendam
1460 1289 1552 1352 uultu

201 1411 357 1474 decorum
382 1422 416 1474 et
436 1421 563 1476 statura
583 1415 786 1477 mediocrem
805 1423 903 1487 stare,
921 1433 1023 1494 seque
1042 1413 1085 1475 de
1108 1423 1214 1476 status
1238 1415 1286 1476 sui
1307 1413 1466 1494 qualitate
1489 1409 1553 1473 sol-

200 1531 395 1594 licitantem.
443 1529 505 1592 Cui
522 1553 596 1594 cum
613 1532 738 1612 placita
754 1533 987 1614 respondisset,
1004 1533 1124 1595 adiecit
1145 1534 1188 1595 de
1209 1534 1342 1596 nomine
1365 1531 1554 1614 apparentis

203 1651 370 1712 sciscitari.
415 1649 466 1713 At
490 1651 564 1714 ille:
599 1651 736 1728 Olauus,
760 1653 877 1732 inquit,
902 1671 1011 1725 uocor,
1036 1660 1145 1714 uestre
1168 1652 1332 1732 prouintie
1355 1651 1469 1722 incola,
1494 1651 1553 1712 do-

205 1789 344 1850 musque
371 1779 508 1851 paterne
527 1771 700 1834 assiduus¹
726 1772 869 1854 hospes;
896 1772 1113 1854 quamobrem
1141 1771 1223 1834 scire
1243 1780 1278 1834 te
1305 1770 1381 1833 uolo
1406 1771 1555 1850 redemp-

204 1890 329 1952 tionem
357 1899 476 1972 prote
504 1891 569 1954 iam
600 1892 727 1955 datam.
786 1893 887 1956 Unde
918 1902 1015 1956 nocte
1047 1891 1111 1968 illa,
1141 1911 1207 1973 que
1233 1891 1380 1972 precedit
1406 1891 1555 1972 quintam

203 2009 317 2072 feriam
341 2030 527 2092 parasceue,
544 2013 729 2076 dominium
753 2015 875 2076 euades
897 2011 1106 2087 tirannicum,
1123 2023 1339 2094 nostrumque
1360 2012 1402 2075 ad
1425 2010 1557 2092 propria

204 2130 370 2194 obtinebis
400 2131 567 2198 ducatum.
627 2133 894 2216 Expergesactus
924 2142 1036 2196 autem
1068 2154 1150 2216 puer
1171 2155 1192 2197 a
1225 2154 1366 2216 sompno
1396 2133 1555 2194 uisionem

205 2251 329 2326 recolit,
346 2251 509 2334 eamque²
531 2273 589 2317 sue
612 2255 817 2336 captiuitatis
849 2255 938 2318 socio
960 2254 1068 2325 refert,
1088 2263 1122 2317 et
1148 2255 1191 2317 ad
1215 2255 1404 2318 condictum
1425 2263 1557 2333 tempus

204 2374 247 2436 de
262 2373 424 2455 promisso
446 2383 559 2438 manet
578 2375 749 2439 sollicitus.
789 2376 956 2440 Ueniente
978 2385 1092 2439 autem
1115 2374 1245 2458 prefixa
1268 2384 1372 2449 nocte,
1390 2370 1557 2454 compedi-

203 2493 265 2556 bus
280 2493 447 2573 uinculati,
470 2504 504 2559 et
528 2496 676 2560 cathenis
701 2497 926 2580 strepentibus
953 2497 1072 2572 onusti,
1095 2497 1187 2560 nullo
1210 2515 1412 2580 paganorum
1438 2513 1557 2574 exper-

203 2615 359 2697 giscente,
390 2616 555 2680 abcedunt
585 2619 718 2698 pariter.
765 2617 919 2700 Cumque
951 2619 1055 2683 moles
1085 2617 1298 2682 cathenarum
1325 2617 1397 2680 illos
1428 2613 1557 2694 longius

203 2735 294 2798 abire
308 2745 446 2810 uetaret,
458 2737 604 2818 quodam
621 2737 694 2801 loco
711 2740 865 2802 domibus
882 2740 1000 2816 uicino,
1014 2761 1055 2802 ne
1071 2740 1144 2802 luce
1160 2739 1315 2802 ueniente
1331 2736 1554 2820 proderentur,

205 2854 428 2920 latitauerunt.
474 2857 575 2919 Mane
591 2867 702 2921 autem
719 2859 817 2938 fact0,
829 2881 912 2942 gens
928 2859 1056 2942 perlida
1072 2881 1203 2942 queque
1218 2859 1395 2941 perlustrat
1410 2853 1556 2919 latibula.

205 2975 332 3038 Uerum
352 2976 464 3041 diuino
485 2978 625 3060 protecti
649 2981 840 3058 munimine,
859 3001 920 3044 nec
948 2981 1020 3062 ipsa
1044 2980 1233 3044 curiositate
1256 2978 1471 3062 querentium,
1495 2995 1556 3039 nec

203 3097 402 3180 compedum
434 3097 552 3176 sonitu,
575 3099 655 3162 dum
684 3099 835 3182 frangere
866 3111 1082 3184 temptarent,
1113 3101 1308 3184 produntur.
1354 3099 1419 3162 His
1446 3097 1557 3178 itaque

203 3217 339 3281 animati
355 3217 531 3294 beneficiis,
547 3219 590 3282 ad
608 3219 721 3303 lugam
737 3221 933 3304 capiendam
950 3224 993 3286 de
1008 3222 1122 3286 diuina
1137 3221 1359 3286 misericordia
1377 3220 1558 3283 redduntur

205 3339 371 3402 certiores.
429 3339 540 3432 Unde,
569 3341 718 3404 cathenis
746 3342 895 3418 'abiectis
921 3343 1004 3406 fines
1028 3363 1234 3426 paganorum
1260 3341 1339 3405 solis
1365 3347 1558 3422 percurrunt

206 3460 368 3537 noctibus
394 3480 491 3522 mane
517 3481 648 3543 semper
671 3462 780 3526 uicino
806 3464 929 3528 tutiora
956 3473 1131 3546 captantes
1154 3461 1302 3540 latibula,
1322 3461 1441 3544 quibus
1464 3460 1556 3522 inde·

203 3578 304 3642 fessas
325 3579 411 3642 uires
433 3580 588 3644 uoluntas
611 3583 745 3664 copiose
767 3583 942 3662 ministrat,
958 3594 1067 3648 metus
1090 3584 1250 3647 redeundi
1272 3592 1439 3665 torporem
1462 3580 1557 3645 tolle·

202 3700 268 3777 bat,
285 3700 390 3763 donec
416 3701 557 3765 martiris
580 3702 770 3769 interuentu
793 3705 909 3769 amicis
930 3715 964 3770 et
982 3705 1132 3788 cognatis
1151 3713 1234 3768 nutu
1250 3704 1361 3767 diuino
1377 3703 1558 3766 redduntur

202 3819 392 3884 incolumes.

305 4003 315 4036 ¹
334 4005 445 4063 assidus
459 4007 487 4062 in
502 4009 568 4066 C.C.
576 4011 607 4066 C.
1116 4012 1127 4046 ²
1146 4031 1286 4086 aeamque
1298 4014 1327 4068 in
1341 4014 1442 4070 C.C.C.
