3832 4760
365 333 401 386 80
609 325 761 384 PASSIO
790 325 852 382 ET
876 323 1109 383 MIRACULl
1145 323 1285 382 BEATI
1313 323 1456 381 OLAUI.

362 559 513 627 tempore,
537 547 614 609 hora
638 548 780 628 quadam
804 547 934 628 placido
957 566 1073 627 sopore
1098 545 1257 608 resolutus
1273 545 1474 626 quiescebat,
1490 555 1523 608 et
1547 564 1623 608 ecce
1637 549 1712 630 'ex--

361 678 490 731 euntem
513 669 554 732 de
575 669 689 731 scrinio
712 669 802 732 uidet
818 667 984 730 hominem
1008 677 1133 730 statura
1157 665 1364 742 mediocrem,
1380 676 1516 748 aspectu
1538 641 1705 744 decorum,

362 789 416 870 qui
445 789 576 872 propius
606 791 774 864 accedens
805 799 838 852 et
869 808 967 850 manu
997 808 1055 849 sua
1085 807 1123 848 os
1153 785 1372 849 adolescentis
1403 787 1562 868 aperiens,
1593 787 1704 869 lingue

360 919 505 974 tmncate
528 919 654 992 partem
677 931 742 991 que
766 917 966 970 remanserat
989 915 1082 968 tanta
1106 905 1228 967 uirtute
1251 907 1399 969 extraxit
1423 915 1457 969 et
1480 908 1643 986 extendit,
1667 917 1702 970 ut

362 1029 550 1094 uiolenciam
578 1029 755 1092 conaminis
785 1028 976 1090 adolescens
1007 1024 1089 1086 serre
1117 1044 1182 1084 non
1210 1024 1324 1086 ualens
1351 1025 1384 1086 in
1411 1027 1536 1088 somnis
1561 1028 1703 1090 clamare

361 1161 536 1231 cogeretur.
581 1149 614 1210 A
635 1167 752 1209 somno
773 1147 885 1226 itaque
908 1163 1006 1206 sanus
1025 1139 1225 1244 exsurgens¹
1248 1142 1281 1202 in
1303 1143 1356 1204 dei
1372 1143 1488 1206 laudes
1505 1154 1539 1208 et
1560 1148 1703 1209 martiris

360 1269 509 1332 exultans
539 1247 717 1350 prorupitl.
778 1235 832 1328 'Sic
864 1259 1129 1345 itaque‚'quiad
1152 1261 1339 1342 sepulcrum
1370 1263 1475 1326 sancti
1510 1283 1640 1327 merens
1670 1275 1703 1328 et

361 1390 497 1472 elinguis
513 1395 654 1460 uenerat,
671 1385 770 1448 libere
786 1385 923 1466 loquens
939 1384 981 1446 ad
998 1404 1057 1446 sua
1073 1403 1147 1446 cum
1164 1382 1286 1464 gaudio
1303 1383 1473 1447 remeauit.

445 1505 563 1570 Alter³
584 1506 718 1587 quidam
741 1527 761 1568 a
783 1504 924 1568 sclauis⁴
945 1514 1071 1586 captus,
1092 1504 1220 1567 abscisa
1242 1504 1362 1586 lingua,
1382 1503 1467 1568 sorte
1485 1505 1618 1586 elapsus
1642 1515 1702 1570 est.

363 1630 427 1693 Hie
442 1630 484 1692 ad
502 1627 713 1690 memoriam⁵
735 1627 875 1690 martiris
891 1628 1034 1700 ueniens,
1051 1635 1084 1688 et
1101 1634 1137 1688 ut
1152 1625 1269 1707 lingue
1280 1647 1338 1688 sue
1357 1627 1495 1708 pristina
1511 1627 1703 1692 redderetur

359 1750 478 1812 sanitas
502 1769 575 1811 cum
598 1748 711 1811 intima
734 1747 840 1810 cordis
867 1746 1064 1810 contricione
1091 1745 1271 1825 postulans,
1294 1767 1389 1808 usum
1415 1747 1572 1828 loquendi
1599 1769 1700 1830 quem

361 1871 511 1930 amiserat
537 1867 667 1946 recepit,
693 1887 794 1947 seque
820 1867 852 1928 in
880 1867 1017 1928 ecclesia
1044 1865 1160 1926 eadem
1187 1864 1345 1945 perhenni
1372 1865 1532 1948 obsequio
1560 1871 1703 1932 martiris

362 1987 567 2067 mancipauit.

447 2105 586 2168 hlulier⁰
602 2107 742 2186 quedam
761 2105 846 2167 adeo
869 2103 1058 2167 deformiter
1081 2111 1313 2177 contractant
1333 2105 1436 2185 pedes
1460 2105 1529 2168 eius
1552 2107 1702 2172 clunibus

360 2225 515 2288 adherent
525 2224 546 2300 ⁷,
569 2224 610 2286 ad
637 2224 823 2306 sepulcrum
855 2224 995 2286 martiris
1018 2223 1119 2286 allata
1143 2231 1203 2285 est.
1250 2222 1317 2285 Ubi
1343 2243 1419 2287 cum
1446 2224 1478 2286 in
1502 2224 1646 2290 lacrimis
1669 2239 1703 2293 et

360 2345 580 2409 obsecratione
592 2344 681 2438 uigili
693 2353 935 2426 perseuerasset
951 2343 1085 2420 diucius,
1098 2343 1225 2424 integre
1237 2345 1389 2426 sospitati
1402 2345 1541 2422 reddita,
1554 2349 1703 2412 extensis

361 2467 475 2542 neruis,
490 2465 604 2528 erectis
625 2465 722 2542 tibiis,
738 2463 929 2536 confortatis
947 2463 1098 2546 pedibus,
1115 2473 1149 2527 et
1171 2463 1307 2545 singulis
1331 2465 1488 2528 membris
1510 2467 1619 2532 officio
1641 2489 1702 2533 suo

360 2595 393 2650 et
408 2586 509 2649 sorme
525 2585 669 2662 redditis,
686 2585 797 2648 hilaris
813 2596 846 2648 et
862 2584 1010 2666 gaudens
1025 2584 1067 2648 ad
1085 2585 1216 2665 propria
1232 2585 1412 2666 repedauit.

400 2891 448 2941 DE
471 2890 684 2942 SACERDOTE
707 2891 848 2956 OCULIS,
872 2891 1024 2952 LINGUA‚
1049 2888 1159 2939 TIBIIS
1181 2889 1411 2956 DESTITUTO,
1426 2891 1474 2941 ET
1497 2890 1653 2943 MERITIS

712 3010 893 3061 MARTIRIS
916 3010 1092 3061 SANITATI
1116 3009 1336 3062 RESTITUTO.

443 3166 570 3233 Erant⁸
591 3169 658 3231 duo
680 3168 740 3231 uiri
763 3168 888 3240 fratres,
909 3178 943 3232 et
965 3168 1010 3230 hii
1033 3188 1153 3250 genere
1176 3167 1254 3232 clari
1277 3167 1511 3231 habundantes
1533 3168 1567 3230 in
1589 3169 1701 3233 seculo

254 3290 260 3294 ”
291 3265 296 3281 ‚
358 3289 550 3354 obtinebant
564 3289 702 3352 diuitias.
749 3288 820 3351 Illis
835 3299 904 3352 erat
919 3308 1011 3352 soror
1028 3289 1208 3352 secundum
1225 3285 1331 3352 carnis
1350 3287 1558 3371 superficiem
1576 3289 1700 3372 pulcra,

393 3467 401 3498 ¹
423 3470 455 3522 ln
469 3469 531 3524 MS.
544 3483 690 3536 exurgens.
842 3464 854 3498 ¹
874 3466 977 3522 Hiatus
991 3467 1019 3520 in
1032 3467 1063 3521 S.
1077 3466 1149 3520 from
1162 3465 1399 3538 eum-prorupit,
1411 3465 1462 3520 but
1475 3464 1559 3536 given
1572 3464 1601 3520 in
1614 3466 1700 3522 Ham.

392 3554 403 3586 ³
422 3557 495 3610 Sect.
507 3556 532 3610 6.
546 3556 577 3610 S.
613 3555 700 3609 Ham.
717 3567 774 3623 154,
787 3554 858 3610 Mir.
877 3555 923 3621 vi;
946 3555 1042 3622 Geisla',
1065 3567 1150 3620 40-41
1168 3573 1175 3620 ;
1199 3554 1266 3626 Lag.
1279 3553 1368 3624 Saga,
1386 3567 1455 3619 1¹43
1475 3553 1620 3608 Heimskr.
1635 3567 1703 3623 7453

360 3644 439 3714 Olass
450 3644 535 3713 Saga,
549 3656 608 3709 277.
1580 3679 1590 3694 .

392 3731 403 3759 ⁴
423 3732 455 3783 ln
467 3731 551 3784 Hom.
565 3729 654 3784 called
668 3728 796 3784 ‘Vends'
1280 3725 1291 3757 ⁶
1309 3726 1448 3782 memoria
1459 3729 1522 3783 MS.

391 3815 494 3872 “Sect.
513 3830 538 3883 7.
557 3818 587 3871 S.
633 3817 720 3870 Ham.
743 3828 801 3885 154,
819 3817 892 3872 Mir.
915 3815 961 3885 vii,
979 3824 1029 3870 not
1054 3814 1220 3870 mentioned
1245 3815 1273 3870 in
1294 3816 1385 3870 Geisli
1395 3833 1403 3883 ;
1433 3815 1500 3887 Lag.
1521 3816 1610 3887 Saga,
1634 3817 1702 3883 108;

357 3904 499 3958 Heimslr.
508 3904 576 3972 657;
596 3903 678 3974 olass
687 3904 775 3974 Saga,
786 3920 810 3958 e.
821 3917 880 3970 ²74
1385 3899 1660 3958 'adhaererent-S.-
1688 3950 1692 3954 .

392 3988 403 4020 ⁸
421 3990 494 4044 Sect.
504 3991 529 4045 8.
539 3991 571 4045 S.
595 3991 750 4058 Hom.154,
764 3991 837 4046 Mir.
851 3989 914 4058 viii;
935 3989 1031 4058 Geisli,
1042 3989 1144 4058 58-61;
1162 3991 1229 4061 Lag.
1242 3991 1331 4061 Saga,
1343 4004 1394 4060 109
1403 3989 1539 4058 and115;
1557 3989 1704 4044 Heimskr.

357 4077 424 4146 657;
445 4077 524 4145 Olass
536 4078 623 4148 Saga,
633 4093 657 4132 c.
668 4090 727 4143 274.
767 4077 863 4132 Snorri
876 4077 955 4146 gives
968 4078 1017 4132 the
1029 4093 1128 4132 names
1141 4077 1174 4130 or
1186 4077 1224 4131 all
1237 4077 1285 4132 the
1301 4076 1415 4148 parties,
1428 4087 1503 4132 most
1518 4075 1604 4146 likely
1616 4093 1701 4150 copy·

359 4163 405 4232 ing
417 4165 463 4217 the
476 4174 593 4217 account
608 4164 634 4216 in
648 4165 714 4234 Lag.
725 4165 813 4234 Saga.
851 4166 912 4220 The
926 4164 1012 4233 priest
1026 4181 1082 4218 was
1097 4163 1213 4218 Rikard.
