3832 4760
340 307 375 360 9²
579 287 734 346 PASSIO
765 289 828 346 ET
851 289 1086 350 MlerCb'Ln
1123 291 1205 348 Brut
1216 291 1263 348 TI
1291 291 1433 349 0L.·l('l.

341 505 547 571 consessionis
578 511 721 572 remedia
753 511 863 574 dissert
896 511 1062 574 adhibere.
1099 511 1225 576 Uerum
1259 514 1399 576 martiris
1430 513 1572 594 presidio
1603 513 1684 576 limo

342 647 470 693 necesse
494 629 553 692 luit
579 631 718 706 extrahi,
743 653 810 714 quo
834 633 1008 696 tenebatur
1031 632 1161 709 infixus,
1191 655 1231 697 ne
1259 635 1398 716 abrupta
1426 635 1579 697 uitiorum
1607 653 1683 715 pro-

341 749 482 814 funditas
509 753 625 815 iterum
655 753 830 816 deuorarct
862 753 1038 830 incautum,
1064 774 1163 834 quem
1195 756 1336 818 martiris
1364 754 1535 818 miseracio
1566 753 1682 816 inferni

340 869 483 936 saucibus
513 882 705 936 extraxerat
736 873 951 954 captiuatum.
1008 872 1131 934 Diuina
1163 875 1274 954 itaque
1307 874 1515 956 prouidentia
1545 873 1681 956 langore

340 992 506 1075 corripitur
521 993 724 1076 grauissimo,
746 1013 805 1056 nec
827 992 903 1054 inde
920 993 1008 1074 prius
1029 992 1208 1065 conualuit,
1225 993 1330 1056 donec
1350 993 1457 1056 scelus
1477 992 1682 1056 consessione

342 1113 521 1184 reuelasset‚
545 1125 578 1177 et
601 1112 755 1175 creatoris
778 1112 929 1174 iniuriam
961 1111 1062 1192 digna
1085 1110 1309 1174 satisfactione
1331 1111 1489 1174 diluisset.
1535 1111 1596 1176 Set
1623 1132 1682 1175 nee

341 1254 438 1312 mora,
460 1235 568 1296 anima
594 1233 748 1306 saluatus,
774 1231 918 1313 corporis
945 1231 994 1293 sui
1021 1231 1106 1294 uires
1133 1231 1269 1294 resumit
1299 1231 1441 1313 gauisus,
1469 1240 1506 1293 ut
1536 1231 1682 1312 corporis

340 1355 469 1417 doceret
495 1352 644 1436 egritudo
671 1373 737 1434 quo
762 1353 872 1414 anima
897 1331 1065 1416 teneretur
1087 1351 1226 1414 uinculo
1273 1351 1356 1415 Inde
1379 1350 1532 1413 nimirum
1555 1349 1682 1414 curatio

339 1474 492 1556 processit
523 1473 609 1536 unde
639 1474 781 1554 primum
816 1474 931 1556 langor
965 1475 1112 1536 accessit.
1170 1473 1259 1536 Nam
1291 1474 1374 1536 sicut
1404 1473 1515 1536 anime
1548 1471 1680 1534 uinculo

337 1615 453 1676 corpus
483 1594 653 1658 tenebatur
678 1592 845 1672 afflictum,
872 1597 917 1657 ita
948 1596 1016 1657 eius
1043 1595 1207 1658 solutione
1237 1605 1368 1658 constat
1399 1615 1471 1657 esse
1501 1592 1678 1668 saluatum,

338 1724 370 1776 et
396 1725 487 1777 tanto
511 1735 545 1776 se
571 1713 722 1778 deuotius
742 1714 785 1776 ad
809 1715 893 1777 bene
916 1717 1082 1796 agendum
1109 1716 1322 1796 postmodum
1351 1717 1467 1786 erexit,
1492 1725 1617 1796 quanto
1644 1736 1680 1780 se

337 1833 431 1895 uilius
452 1834 611 1897 deiectum
636 1836 723 1916 prius
747 1833 815 1896 lore
838 1836 1001 1914 cognouit.

358 2069 405 2116 DE
430 2069 571 2118 DUOBUS
595 2069 706 2132 CEClS,
732 2071 777 2119 ET
803 2070 908 2120 lllUTO
933 2071 1019 2130 UNO,
1045 2071 1084 2117 IN
1109 2069 1173 2116 DlE
1197 2069 1357 2120 NATALlS
1382 2070 1515 2118 snxcrl
1539 2071 1655 2120 OLAUI

788 2191 964 2239 SANITATI
990 2189 1218 2240 RESTITUTIS.

379 2337 497 2401 Αητιοι
524 2341 629 2420 igitur,
652 2361 718 2421 quo
741 2341 829 2402 beati
858 2340 998 2402 martiris
1025 2338 1112 2401 olaui
1140 2339 1274 2403 basilica
1302 2360 1388 2402 nouo
1415 2341 1618 2421 principatus
1645 2350 1679 2404 et

335 2459 421 2540 pallii
449 2460 583 2546 uestitur
604 2459 767 2536 honore,
759 2472 843 2524 rnter
870 2460 1000 2523 crebras
1026 2459 1222 2542 populorum
1251 2459 1467 2524 confluentias
1493 2469 1607 2522 assunt
1634 2481 1678 2523 ex

335 2579 508 2678 longinquo
534 2590 600 2658 tres
626 2581 761 2690 debiles,
785 2581 876 2643 uaria
902 2580 1086 2662 egritudine
1112 2579 1310 2642 laborantes.
1356 2577 1434 2699 Quo
1459 2577 1564 2644 circa²
1587 2581 1678 2688 ueni·

335 2709 426 2763 entes
451 2699 493 2762 ad
520 2689 689 2764 ecclesiam
713 2677 806 2764 beati
834 2700 984 2773 martiris,
1008 2700 1108 2781 ipsius
1134 2701 1272 2764 obtentu
1299 2681 1480 2781 sperantes
1497 2721 1537 2765 ea
1564 2698 1619 2764 die
1641 2721 1677 2764 se

334 2821 471 2902 gratiam
494 2820 660 2901 sospitatis
683 2821 890 2902 potissimum
917 2822 1103 2902 impetrare,
1126 2815 1206 2912 quo
1216 2821 1305 2884 idem
1329 2821 1451 2897 martir,
1476 2816 1586 2884 carnis
1606 2821 1678 2884 iura

335 2958 393 3020 pro
407 2934 721 3027 christersoluens,
736 2941 895 3023 gaudium
916 2941 1060 3022 suscepit
1080 2935 1269 3004 eternaliter
1289 2940 1548 3021 permansurum.
1594 2940 1677 3004 Erat

335 3079 475 3140 namque
503 3061 585 3124 inter
611 3080 668 3124 eos
694 3061 829 3142 quidam
856 3080 961 3158 cecus,
988 3060 1044 3140 qui
1071 3060 1103 3122 in
1131 3061 1202 3141 ipsa
1233 3061 1373 3123 martiris
1403 3060 1514 3142 uigilia
1543 3060 1678 3124 uisionis

335 3179 440 3242 leticia
462 3180 577 3243 meruit
599 3180 768 3244 consolari.
814 3179 879 3244 Die
901 3200 1034 3262 quoque
1056 3180 1218 3261 sequenti,
1236 3199 1312 3244 cum
1334 3180 1552 3262 processionis
1574 3179 1679 3268 offitia
1757 3245 1760 3250 Δ

336 3297 544 3380 solempniter
568 3309 750 3382 agerentur,
777 3311 811 3364 et
837 3300 871 3362 in
896 3300 1057 3363 cimiterio
1083 3298 1248 3363 ieretnrm
1262 3297 1307 3362 ex
1305 3320 1425 3396 priore
1447 3300 1677 3380 deponeretur,

337 3429 445 3482 mutus
467 3420 598 3502 quidam
624 3419 797 3484 locutionis
821 3421 942 3502 recepit
968 3420 1118 3502 gratiam,
1142 3429 1175 3483 et
1194 3419 1266 3524 dtu
1282 3421 1424 3521 detenta
1442 3419 1598 3558 lingup
1575 3419 1684 3510 offitia
1707 3481 1710 3488 .

336 3541 367 3602 in
389 3540 517 3604 laudem
540 3539 710 3603 saluatoris
733 3541 882 3622 gaudens
904 3539 1043 3604 laxauit.
1068 3535 1231 3630 5Adliec
1252 3515 1365 3604 autem
1384 3511 1739 3642 mulierquedams'
1831 3599 1836 3608 ,
1884 3561 1888 3572 ·

370 3697 470 3755 ¹Sect
488 3702 565 3756 18..S
605 3703 629 3755 lt
643 3719 700 3754 was
713 3702 761 3755 the
774 3718 842 3770 year
858 3714 931 3770 1152
964 3701 1019 3756 See
1034 3665 1229 3754 Introduction
1231 3717 1277 3770 ,p.
1289 3715 1332 3768 49,
1345 3710 1446 3754 noter
1481 3698 1551 3754 This
1563 3697 1680 3754 mrracle

335 3788 357 3843 is
376 3769 529 3858 printed&
542 3789 626 3844 Ham.
641 3789 697 3857 165,
710 3789 784 3843 Min
797 3788 879 3856 xviii;
897 3789 947 3844 but
964 3789 1043 3844 there
1061 3805 1119 3842 was
1137 3805 1155 3842 a
1175 3787 1324 3842 lacunam
1343 3788 1392 3842 the
1409 3787 1495 3842 Hom.
1511 3787 1574 3840 MS
1588 3785 1679 3840 which

334 3876 468 3930 hasbeen
483 3875 557 3930 filled
568 3892 605 3945 up
617 3876 655 3944 by
669 3876 717 3930 the
729 3875 829 3944 editor,
844 3830 991 3931 Pioiessor
1004 3877 1112 3945 Unger,
1122 3875 1195 3929 irom
1208 3875 1257 3930 the
1270 3876 1337 3946 Lag.
1348 3876 1437 3946 Saga,
1450 3888 1514 3942 123,
1532 3873 1678 3928 Heimskr.

333 3963 381 4031 631
393 3982 401 4028 ;
421 3963 499 4033 Olass
510 3963 596 4034 Saga,
610 3977 670 4030 271.
708 3962 803 4018 Snorri
817 3963 916 4018 makes
929 3965 1010 4018 these
1023 3963 1153 4018 miracles
1166 3973 1197 4016 to
1209 3963 1282 4016 have
1295 3959 1450 4017 occurred
1443 3977 1471 4014 m
1485 3959 1555 4014 otas
1565 3961 1678 4030 Kyrre's

333 4049 409 4118 time,
421 4051 477 4105 and
489 4067 525 4104 on
538 4051 586 4106 the
597 4050 792 4106 consecration
806 4052 862 4120 day
875 4052 908 4106 oi
920 4050 1015 4108 Christ
1034 4052 1156 4119 Church,
1174 4064 1256 4117 1077;
1274 4051 1323 4104 the
1335 4065 1437 4104 reason
1450 4047 1535 4117 being
1548 4039 1610 4102 that
1629 4047 1678 4102 the

335 4149 450 4192 account
463 4138 550 4192 above
564 4137 612 4192 did
624 4148 673 4192 not
687 4139 754 4208 tally
768 4138 833 4194 with
848 4140 944 4194 Geisli.
1019 4138 1021 4148 ’
1253 4137 1264 4168 ²
1282 4137 1329 4208 qui
1344 4137 1447 4206 pariter
1459 4135 1605 4192 venientes
1620 4136 1652 4190 S.
