3832 4760
457 329 618 389 PASSIO
647 331 705 388 Et
735 330 970 390 MIRACULA
1002 333 1142 390 BEATI
1170 333 1312 392 otno'l.
1510 357 1563 412 ¹03

300 549 394 623 Item,
421 549 452 608 in
477 550 653 628 prouintia,
673 570 737 629 que
761 548 883 630 sogna¹
909 551 1103 631 appellatur,
1130 553 1268 633 contigit
1296 554 1433 616 domum
1458 557 1562 618 cuius-

212 671 289 732 dam
314 669 433 741 rustici,
457 689 523 750 que
546 668 704 750 stupata²
728 669 857 747 dicitur,
883 681 976 733 tanta
1002 674 1085 754 ignis
1116 673 1324 737 uehementia
1354 676 1498 751 accendi,
1525 688 1562 740 ut

212 809 270 871 per
285 789 463 852 fenestram
484 790 634 872 superius
658 811 785 854 necnon
802 801 835 854 et
852 812 910 873 per
925 793 1047 856 ostium
1064 793 1197 856 flamma
1218 793 1416 858 funderetur.
1463 795 1563 879 Quod

212 911 328 974 uidens
359 911 506 988 rusticus
533 933 577 974 ex
607 912 718 976 subito
749 933 826 977 casu
859 925 971 978 mente
997 926 1234 992 consternatur,
1264 917 1434 998 donatque
1464 917 1564 982 beato

211 1031 308 1097 olauo
338 1034 489 1114 quintam
520 1035 696 1098 domorum
728 1045 868 1119 partem,
893 1036 919 1100 si
944 1059 999 1100 eas
1030 1059 1090 1102 suo
1121 1039 1309 1101 interuentu
1339 1037 1382 1100 ab
1413 1039 1564 1102 incendio
1664 1079 1689 1093 «-

211 1155 373 1220 liberaret.
420 1155 498 1238 Quo
514 1156 613 1233 sact0,
630 1157 759 1221 confert
775 1179 811 1222 se
831 1160 874 1221 ad
896 1159 978 1222 alias
998 1160 1116 1224 domos
1138 1169 1172 1222 et
1195 1180 1245 1223 res
1260 1159 1457 1224 liberandae.
1503 1157 1564 1222 Set
1747 1125 1781 1183 '3

210 1279 294 1341 inter
323 1279 490 1360 agendum
515 1280 653 1341 miratur
685 1299 742 1341 eur
772 1281 898 1341 tardius
921 1281 1019 1343 solito
1042 1281 1204 1344 estuantis
1226 1280 1367 1344 incendii
1398 1301 1481 1363 opus
1503 1302 1561 1364 ap-

210 1409 345 1479 pareat;
371 1399 500 1462 accedit
523 1400 566 1461 ad
587 1399 720 1475 ostium,
745 1399 850 1478 aperit
873 1410 906 1462 et
931 1400 1069 1480 inspicit,
1088 1411 1137 1462 set
1163 1402 1209 1463 ita
1234 1402 1417 1464 extinctum
1443 1402 1563 1483 reperit
1586 1479 1593 1496 ι

211 1520 331 1599 ignem,
354 1539 392 1580 ac
423 1518 449 1579 si
473 1527 547 1580 tota
577 1519 697 1579 domus
726 1537 814 1596 aqua
845 1517 958 1580 luisset
984 1519 1122 1598 perlusa.
1169 1520 1241 1582 Nec
1273 1541 1374 1595 mora,
1401 1533 1561 1584 conuocat
1587 1500 1594 1572 ’ἦ

212 1638 346 1714 uicinos,
373 1639 491 1699 domos
514 1636 755 1718 appreciantur,
782 1645 816 1698 et
839 1647 968 1717 partem
994 1639 1178 1700 substantie
1203 1660 1267 1720 que
1295 1640 1460 1702 martirem
1485 1661 1562 1703 con·

211 1759 295 1839 tigit,
319 1757 413 1818 nobis
430 1756 573 1838 bergas³
596 1755 827 1830 existentibus,
852 1757 1043 1821 transmisit.
1597 1751 1610 1838 't

298 1877 423 1941 Adhuc
438 1879 585 1959 quodam
607 1887 767 1959 tempore,
784 1888 943 1978 regpante
967 1877 1166 1961 augustino⁴
1187 1899 1271 1960 rege,
1287 1878 1398 1960 regina
1419 1880 1562 1960 quedam

211 1999 395 2064 habebatur
417 2007 581 2080 suspecta,
606 1999 695 2081 quod
728 2018 846 2078 corpus
879 1973 1204 2063 martlrrsiurtorn
1223 1999 1352 2062 daciam
1379 1999 1560 2064 detulisset.

213 2120 332 2184 Uisum
363 2129 413 2182 est
444 2121 557 2202 itaque
594 2119 661 2201 regi
700 2128 733 2182 et
764 2121 928 2194 omnibus,
961 2122 1050 2201 quod
1082 2120 1177 2183 huius
1215 2121 1260 2184 rei
1296 2121 1560 2201 experimentum

210 2252 400 2324 caperetur;
427 2243 514 2306 unde
537 2241 701 2314 scrinium,
726 2241 759 2301 in
782 2261 849 2322 quo
871 2241 1113 2304 sanctissimum
1138 2261 1255 2322 corpus
1279 2243 1372 2315 iacet,
1395 2243 1557 2323 aperiunt.

210 2361 286 2444 Quo
309 2372 436 2445 aperte,
451 2371 546 2426 tanta
569 2362 742 2425 suauitatis
769 2361 944 2446 fraglantia
964 2371 1070 2426 totam
1094 2362 1238 2444 perfudit
1261 2362 1441 2436 ecelesiam,
1458 2372 1494 2426 ut
1515 2365 1560 2426 ab

209 2484 372 2556 omnibus,
391 2483 447 2566 qui
470 2483 557 2546 illius
577 2483 761 2546 dulcedinis
784 2483 916 2547 suerunt
938 2484 1125 2566 participes
1143 2482 1287 2565 perfecte
1310 2493 1561 2565 cognosceretur

209 2605 338 2670 celestis
353 2605 461 2682 luisse,
478 2625 545 2686 que
559 2605 681 2668 sentita
698 2613 758 2680 est,
775 2625 840 2668 non
857 2617 997 2679 terrena,
1013 2605 1170 2668 suauitas.

294 2725 441 2808 Quidam
469 2745 548 2788 uero
577 2734 699 2800 mutus
724 2725 780 2806 qui
807 2725 1022 2788 elemosinam
1046 2734 1194 2788 nostram
1217 2745 1277 2806 per
1298 2744 1359 2786 sex
1389 2745 1493 2788 annos
1516 2746 1560 2788 ex

210 2866 300 2910 more
316 2855 516 2928 susceperat,
533 2829 636 2908 indie
653 2845 896 2908 resurrectionis
912 2846 1038 2908 domini
1053 2844 1220 2926 loquelam
1237 2845 1367 2927 recepit.

244 3031 253 3063 ¹
273 3034 378 3102 Sogna,
390 3049 454 3087 now
468 3033 555 3102 Sogn,
568 3049 586 3087 a
600 3031 723 3103 Fogderi
737 3032 765 3086 in
780 3031 970 3102 Bergen-Stist
984 3031 1013 3086 in
1029 3033 1121 3086 North
1137 3032 1322 3100 Bergenhuus
1334 3033 1412 3088 Amt.

242 3117 254 3150 ²
273 3121 402 3190 Stupata,
410 3120 483 3176 from
496 3130 581 3190 stupa
594 3137 626 3174 or
639 3121 731 3190 stuba,
742 3121 776 3174 ‘a
787 3119 967 3176 bath-room’
994 3121 1056 3174 The
1067 3119 1145 3173 word
1157 3128 1271 3188 stupata
1284 3117 1307 3173 is
1320 3129 1369 3174 not
1382 3129 1412 3174 to
1424 3120 1460 3174 be
1472 3119 1560 3176 found

208 3207 236 3260 in
260 3209 409 3278 Ducange.
446 3209 502 3262 But
521 3224 569 3263 see
588 3209 656 3266 ibid
673 3209 771 3278 stupa,
790 3225 822 3262 or
841 3207 1162 3277 stuba2‘vaporarium,
1181 3207 1403 3276 hypocaustum.’
1438 3209 1559 3262 Statutt.

207 3296 321 3352 Massil.
334 3297 366 3352 S.
379 3313 404 3351 c.
416 3311 463 3364 13:
483 3297 547 3352 ‘Ne
564 3289 667 3368 aliquis
684 3295 802 3366 recipiat
820 3295 848 3349 in
865 3295 948 3350 dictis
965 3295 1056 3364 stupis
1069 3295 1114 3349 vel
1131 3293 1240 3349 balneis
1259 3293 1297 3348 ad
1311 3293 1502 3349 balneandum
1515 3295 1560 3352 vel

207 3383 376 3454 stupendam
394 3383 534 3454 Judaeam
553 3384 598 3438 vel
616 3372 758 3453 Judaeum
777 3382 831 3437 nisi
851 3382 897 3438 die
909 3382 1046 3438 Veneris.³
1084 3382 1125 3436 Cf.
1140 3383 1236 3437 Germ.
1253 3381 1413 3436 Stube·‘a
1428 3382 1559 3451 bathing-

207 3489 286 3526 room
305 3471 371 3526 with
394 3489 411 3526 a
433 3481 513 3526 stove
525 3473 545 3538 ;'
571 3471 638 3526 lcel.
659 3471 740 3526 Stola
753 3487 785 3524 or
804 3469 950 3527 Ba'tstosa.
986 3471 1049 3526 The
1072 3485 1204 3524 common
1226 3469 1342 3538 adjunct
1361 3469 1394 3523 of
1407 3469 1511 3524 houses
1530 3469 1559 3524 in

209 3561 332 3629 Norway
345 3559 373 3612 in
386 3559 468 3614 those
482 3559 561 3628 days.

241 3645 253 3678 ³
272 3649 344 3717 Bya
361 3646 482 3702 mistake
501 3647 535 3702 os
549 3647 598 3702 the
618 3645 711 3702 scribe
729 3645 773 3701 lor
791 3645 918 3717 ‘bergis’
954 3646 1015 3701 The
1034 3645 1217 3716 Archbishop
1236 3662 1294 3702 was
1313 3645 1380 3700 then
1399 3644 1511 3714 staying
1530 3655 1559 3700 at

206 3737 324 3805 Bergen.
862 3727 898 3746 ”⁶

238 3821 461 3892 ⁴Augustinus:
493 3821 585 3879 either
611 3821 730 3892 Eystein
763 3823 941 3890 Magnusson
970 3818 1162 3892 (1103-1123),
1188 3838 1220 3875 or
1245 3819 1363 3890 Eystein
1396 3818 1559 3873 Haraldson

205 3910 398 3982 (1142-1157).
453 3981 454 3984 Ἴ
