3832 4760
461 349 621 409 PASSIO
649 350 713 408 ET
736 349 971 409 MIRACI'LA
1007 349 1147 408 BEATI
1176 350 1317 409 OLnttl.
1508 369 1563 426 1¹5

215 587 287 628 eum
310 566 510 630 salutatione
532 569 701 650 prouenirc
721 569 809 630 uisus
831 579 891 630 cst.
937 567 994 629 Ad
1012 588 1110 648 quem
1136 568 1198 643 ille,
1220 568 1254 632 Si
1279 570 1428 645 salutem,
1450 567 1563 650 inquit,

215 689 332 767 queris,
349 707 469 765 ecce,a
491 689 556 751 deo
577 698 713 750 sanatus
735 710 779 750 es.
825 688 875 751 At
900 688 961 765 illc,
979 687 1062 770 Quis
1086 709 1131 763 es,
1148 688 1303 752 domine?
1347 688 1564 767 Aiti11e‚111e

213 807 301 870 idem
324 827 396 869 sum
422 828 521 890 quem
547 818 582 872 tu
606 809 774 873 inuocasti.
820 809 878 872 Ad
901 808 962 874 hec
983 808 1154 892 euigilanS,
1178 811 1231 874 dei
1255 809 1387 880 uirtute,
1403 820 1435 874 et
1459 811 1563 874 sancti

213 927 299 990 olaui
321 928 519 1006 interuentu,
546 931 631 996 circa
652 951 688 996 se
710 940 820 994 actam
844 932 1003 1014 pietatem
1029 951 1141 995 coram
1165 931 1254 994 omni
1278 929 1409 1014 populo,
1426 931 1469 993 ad
1491 950 1562 1011 per-

212 1047 296 1112 fecte
316 1051 494 1115 curationis
511 1052 674 1131 inditium,
690 1073 771 1118 uoce
795 1064 829 1117 et
852 1053 961 1117 uerbis
982 1051 1155 1135 expresse¹
1172 1052 1315 1135 pertulit.
1363 1051 1435 1114 Hec
1457 1051 1563 1131 primo

211 1190 231 1232 a
255 1173 428 1236 sacerdote
450 1172 513 1237 loci
542 1173 636 1252 illius,
660 1175 781 1238 deinde
806 1175 849 1237 ab
877 1176 949 1256 ipso
976 1175 1100 1238 abbate
1128 1183 1161 1238 et
1185 1173 1347 1251 fratribus,
1368 1174 1400 1236 in
1423 1190 1562 1254 quorum

211 1291 389 1358 ministerio
404 1295 572 1377 predictus
588 1295 713 1358 iuuenis
729 1296 819 1376 ptius
835 1305 869 1358 et
885 1304 960 1375 post
976 1295 1179 1371 uersabatur‚
1196 1295 1380 1358 didicimus

297 1413 384 1477 ltem
401 1415 554 1495 sequenti
571 1415 713 1477 martiris
729 1413 889 1489 natalitio,
905 1415 938 1476 in
954 1414 1089 1477 basilica
1112 1415 1269 1493 eiusdem,
1286 1418 1327 1479 ad
1345 1435 1461 1496 corpus
1477 1412 1562 1476 illius

211 1530 376 1612 loquelam
393 1533 449 1596 diu
464 1533 621 1595 amissam
637 1553 719 1614 puer
735 1533 891 1614 paruulus
908 1535 1123 1614 recuperauit.
1170 1533 1273 1598 Cuius
1289 1555 1332 1598 ex
1348 1533 1561 1597 inualitudine

211 1651 424 1726 curationem,
445 1651 594 1716 eiusdem
616 1653 699 1715 muti
723 1653 755 1714 in
779 1652 913 1716 ciuitate
937 1652 1036 1733 longa
1059 1655 1241 1728 conuersio,
1254 1655 1366 1734 pulcra
1389 1652 1478 1716 uocis
1501 1673 1560 1715 ex·

211 1769 377 1850 pressione
393 1771 548 1852 perfecte,
566 1773 779 1854 postmodum
796 1773 939 1836 edocuit.

385 2105 434 2152 DE
459 2104 582 2174 PlJERO
606 2106 630 2152 A
653 2103 943 2153 CONTRACTIONE
968 2104 1208 2155 MENBRORUM
1234 2104 1390 2154 SANATO.

298 2277 383 2341 Puer
398 2279 545 2360 quidam,
561 2277 694 2343 karolus
710 2277 851 2353 nomine,
869 2278 935 2360 qui,
951 2278 1068 2341 morbo
1087 2279 1339 2360 superueniente
1355 2279 1387 2341 in
1404 2278 1559 2342 membris

211 2399 381 2479 organicis,
398 2411 575 2464 retrorsum
599 2409 785 2464 contractos
808 2399 955 2463 habebat
978 2399 1089 2481 pedes,
1106 2400 1149 2462 ad
1167 2399 1339 2464 ecclesiam
1363 2400 1451 2464 beati
1473 2399 1561 2462 olaui

211 2520 350 2582 martiris
366 2541 386 2583 a
402 2530 507 2586 matre
530 2531 565 2585 et
587 2520 741 2585 fratribus
765 2528 816 2584 est
838 2519 1012 2584 adductus.
1060 2518 1146 2584 Cum
1163 2521 1195 2584 in
1210 2518 1388 2602 hospitali²
1412 2519 1561 2583 eiusdem

209 2639 352 2718 ecclesie,
370 2643 460 2724 quod
477 2641 614 2706 infirmis
630 2643 826 2724 deputatum
843 2651 904 2716 est,
921 2641 1152 2723 requiesceret,
1169 2641 1253 2706 uidit
1268 2643 1300 2704 in
1314 2639 1460 2723 sompnis
1476 2639 1561 2704 circa

209 2761 353 2824 mediam
376 2772 509 2856 noctem
529 2771 596 2827 tres
619 2763 707 2826 uiros
730 2761 1014 2844 splendidissimos
1037 2781 1097 2843 per
1119 2763 1226 2844 ipsam
1247 2762 1385 2825 domum
1401 2758 1560 2823 deambu-

209 2879 323 2956 lantes,
341 2889 375 2944 et
390 2883 613 2964 egrotantium
629 2903 767 2965 corpora
787 2883 963 2947 intuentes.
1010 2881 1148 2945 Etcum
1164 2880 1410 2945 deambulando
1425 2888 1476 2945 ter
1489 2879 1562 2942 uni·

210 3020 338 3064 uersam
355 3002 493 3065 domum
510 3001 708 3082 circuissent,
723 3005 766 3067 ad
786 3001 952 3078 lectulum,
970 3003 1003 3064 in
1026 3022 1093 3084 quo
1112 3010 1300 3066 contractus
1320 3020 1402 3084 puer
1421 2999 1560 3076 iacebat,

208 3121 250 3184 de
268 3141 360 3185 more
376 3121 474 3187 solito
498 3133 728 3204 peruenerunt.
773 3122 884 3186 Tanta
907 3143 986 3187 uero
1008 3120 1141 3186 claritas
1163 3123 1348 3186 uniuersam
1371 3121 1507 3185 domum
1526 3120 1560 3183 in

209 3241 279 3322 ipsa
295 3251 395 3305 nocte
410 3241 560 3324 repleuit,
576 3263 615 3308 ac
630 3245 658 3306 si
673 3264 733 3326 per
747 3263 863 3307 omnes
879 3243 1021 3326 parietes
1045 3243 1114 3306 eius
1138 3243 1219 3306 radii
1241 3241 1319 3306 solis
1341 3249 1559 3306 cernerentur.
1636 3316 1638 3322 ι

210 3360 287 3425 Uno
316 3372 429 3426 autem
453 3383 568 3426 eorum
591 3365 637 3463 ad
658 3373 758 3447 caput
780 3365 881 3446 pueri,
910 3365 975 3428 alio
998 3363 1041 3427 ad
1064 3363 1169 3445 pedes
1191 3361 1403 3438 consistente,
1429 3361 1559 3437 tercius,

208 3491 332 3546 statura
347 3483 468 3559 breuis,
486 3484 625 3548 decorus
643 3483 734 3563 sacie,
750 3485 841 3548 cuius
862 3484 1066 3566 splendidior
1081 3492 1152 3546 erat
1166 3492 1331 3565 aspectus,
1347 3480 1475 3546 medius
1489 3479 1560 3546 suit.

210 3601 328 3684 Quem,
344 3603 548 3667 dilectissimi
564 3604 689 3684 fratres,
705 3606 842 3669 beatum
857 3605 991 3668 olauum
1007 3603 1108 3667 fuisse
1131 3603 1202 3666 sine
1220 3602 1323 3667 dubio
1343 3601 1506 3666 credimus
1525 3611 1560 3666 et

209 3732 367 3803 tenemus,
384 3725 461 3806 quia
477 3723 510 3786 in
526 3725 643 3789 eadem
659 3725 774 3802 forma,
791 3725 875 3790 sicut
892 3725 1073 3789 multorum
1090 3722 1254 3796 relatione
1275 3722 1460 3798 didicimus,
1475 3719 1559 3786 solet

242 3922 252 3955 ¹
273 3926 306 3980 ln
320 3926 351 3982 C.
360 3927 389 3982 C.
400 3927 431 3982 C.
443 3943 569 3996 exprese

242 4009 434 4084 ’Hospitalix
461 4015 510 4069 the
539 4013 664 4084 hospital
689 4031 758 4071 near
783 4015 832 4072 the
857 4015 1013 4084 cathedral,
1039 4013 1241 4084 ‘spitalsgm'dr
1265 4011 1323 4068 firir
1346 4009 1455 4068 nor'dan
1478 4008 1560 4066 krist·

209 4098 319 4169 kirkiu,'
331 4099 497 4156 mentioned
514 4099 543 4155 in
561 4118 578 4156 a
594 4101 730 4172 Diploma
749 4104 780 4157 of
796 4091 873 4172 king
892 4102 962 4157 Erik
979 4104 1167 4172 Magnusson,
1181 4113 1246 4158 mn.
1263 4100 1338 4170 1298.
1377 4098 1420 4156 ct.
1432 4098 1558 4170 Diplom.

208 4187 416 4260 Nmagicum,
432 4189 454 4244 1.
468 4205 495 4259 p.
509 4189 552 4259 80,
566 4189 623 4244 and
638 4191 757 4260 Lange’s
770 4193 804 4244 K
801 4193 900 4246 losters
912 4191 1050 4259 Hrtton‘e,
1063 4206 1090 4260 p.
1105 4189 1162 4258 196.

844 4303 916 4366 Q2
