3832 4760
326 362 361 430 78
569 355 725 416 PASSIO
753 356 818 416 ET
839 355 1077 417 MIRACULA
1109 354 1251 416 BEAYI
1278 354 1422 414 OLAUI.

324 579 409 658 apud
432 579 584 643 beatum¹
605 581 770 645 martirem
793 580 1028 662 obligauerant,
1052 599 1116 642 non
1140 569 1324 664 immemor,
1346 579 1377 642 in
1401 578 1527 644 honore
1551 591 1666 644 sancte

324 699 423 764 marie
438 701 753 797 uirginis'Jecclesiam
768 703 920 794 fabricat,
930 704 973 766 ad
989 701 1081 766 cuius
1095 722 1179 783 opus
1194 701 1316 765 fabrice
1331 667 1400 766 tam
1416 702 1539 766 deuota
1556 701 1617 765 luit
1632 709 1668 766 et

323 833 449 901 promta
471 823 582 906 populi
613 824 745 898 oblatio,
770 835 933 906 quatenus
959 823 1105 906 perfecta
1138 823 1276 886 ecclesia
1302 823 1435 905 ingenti,
1459 833 1494 887 et
1523 823 1668 905 peractis

321 943 478 1020 omnibus,
493 965 557 1026 que
571 946 613 1008 ad
631 946 700 1008 eius
721 955 873 1008 ornatum
896 954 989 1007 erant
1011 943 1201 1020 necessaria,
1217 943 1325 1008 adhuc
1341 946 1383 1009 de
1399 943 1537 1024 pecunia
1552 945 1668 1008 oblata

322 1064 458 1128 multum
480 1075 672 1146 superesset.
717 1065 764 1128 Et
787 1064 944 1146 quoniam
966 1063 1030 1124 hiis
1053 1073 1087 1126 et
1109 1063 1182 1125 aliis
1209 1063 1321 1126 multis
1351 1065 1586 1128 beneficiorum
1617 1066 1666 1128 in·

319 1185 429 1266 signiis
455 1186 600 1248 omnium
628 1187 757 1249 animus
788 1185 820 1246 in
851 1184 940 1246 beati
972 1183 1112 1248 martiris
1142 1164 1308 1264 obsequio
1332 1184 1474 1246 deuotus
1497 1184 1666 1262 extiterat,

320 1306 492 1369 multarum
515 1303 751 1386 preciosarum²
774 1316 808 1370 et
831 1305 907 1368 inde
931 1304 1103 1368 missarum
1128 1325 1235 1370 rerum
1258 1302 1434 1385 splendore
1454 1302 1524 1377 hec,
1547 1304 1580 1366 in
1599 1325 1666 1386 qua

320 1425 389 1506 ipse
405 1425 583 1506 requiescit,
599 1435 739 1490 testatur
753 1426 899 1490 ecclesia.
916 1456 926 1521 ἐ

509 1655 558 1704 DE
583 1655 738 1707 PANlBUS
762 1658 802 1706 IN
824 1656 985 1706 CLIBANO
1009 1656 1049 1704 IN
1073 1655 1230 1706 LAPIDES
1253 1654 1469 1707 CONUERSIS.

404 1779 506 1844 Erat³
522 1780 554 1842 in
570 1780 663 1844 dacia
685 1781 871 1861 prepositus
891 1779 1036 1861 quidam,
1058 1778 1107 1840 uir
1128 1778 1260 1840 odibilis
1283 1789 1317 1842 et
1340 1799 1470 1860 prauus
1494 1789 1537 1856 et,
1551 1763 1597 1842 'ut
1620 1781 1662 1842 de

320 1897 430 1979 iniquo
453 1901 571 1982 legitur
591 1900 707 1974 iudice,
732 1921 791 1964 nec
814 1903 914 1964 deum
936 1919 996 1962 nec
1017 1898 1171 1961 homines
1192 1919 1346 1962 reuerens
1355 1897 1378 1961 ⁴.
1425 1899 1492 1962 Hic
1506 1901 1662 1964 ancillam

319 2017 462 2082 habebat
478 2030 588 2082 natam
604 2020 636 2082 in
652 2020 818 2101 prouincia
838 2020 928 2084 beati
947 2019 1089 2083 mart-iris
1104 2018 1201 2095 olaui,
1218 2028 1251 2082 et
1266 2018 1328 2082 hec
1343 2029 1414 2084 erat
1429 2041 1508 2103 erga
1525 2041 1663 2084 uenera-

320 2138 440 2202 tionem
463 2140 564 2204 sancti
587 2141 810 2204 deuotissima.
856 2140 1045 2222 Propositus
1069 2139 1133 2216 ille,
1156 2147 1192 2203 ut
1215 2147 1285 2202 erat
1307 2137 1409 2236 homo
1431 2161 1605 2222 peruersus
1628 2151 1663 2205 et

321 2278 468 2339 nequam,
484 2268 518 2324 et
533 2260 588 2342 qui
603 2261 717 2326 laudes
732 2261 894 2325 bonorum
917 2260 1042 2342 ingenti
1058 2261 1255 2341 deprauaret
1271 2249 1412 2360 studio‘J,
1425 2281 1490 2324 non
1506 2260 1663 2326 credebat

319 2377 389 2458 hiis,
400 2401 463 2462 que
479 2381 520 2446 de
536 2383 668 2447 martire
683 2384 887 2448 dicebantur.
927 2381 996 2447 Sed
1011 2379 1168 2463 quicquid
1184 2380 1227 2443 de
1243 2351 1406 2442 miraculis
1422 2381 1491 2444 eius
1507 2389 1542 2444 et
1557 2381 1662 2464 gloria

318 2503 498 2566 communis
519 2503 666 2566 omnium
688 2503 848 2587 uolgabat
870 2501 1017 2578 assertio,
1040 2520 1207 2566 rumorem
1229 2499 1408 2564 ficticium⁶
1430 2510 1465 2564 et
1487 2500 1661 2564 ridiculum

318 2623 502 2686 estimabat.
540 2622 687 2706 Contigit
708 2633 821 2688 autem
840 2632 877 2687 ut
897 2623 1059 2706 passionis
1075 2621 1223 2686 eiusdem
1244 2621 1330 2704 regis
1345 2630 1380 2685 et
1395 2623 1537 2686 martiris
1551 2642 1662 2686 annua

318 2753 531 2808 reuerteretur
552 2716 907 2858 sollempnitas[quam
930 2765 1006 2808 cum
1031 2762 1152 2825 magna
1175 2743 1387 2806 ueneratione
1409 2743 1551 2824 regionis
1574 2742 1661 2806 illius

317 2861 464 2928 homines
478 2839 685 2957 celebrant]
700 2865 762 2930 Uir
777 2886 856 2972 ergo
871 2865 1047 2947 pessimus
1049 2865 1094 2926 ad
1116 2863 1358 2926 ostendendam
1379 2863 1545 2926 maliciam
1564 2884 1660 2926 suam

249 2991 262 3009 ⁰
318 2983 484 3048 inueniens
499 2993 630 3066 tempus
645 2967 1040 3088 idonetunjprauitatem
1038 2949 1314 3086 quampridem
1305 2959 1448 3048 necorde
1460 2992 1662 3048 tractauerat

318 3103 350 3166 in
375 3125 473 3186 opere
491 3107 736 3170 demonstrauit.
781 3107 859 3170 Non
882 3105 990 3169 solum
1016 3104 1233 3210 enimxnoluit
1256 3102 1415 3167 exhibere
1440 3106 1662 3168 reuerentiam

318 3226 419 3288 sancti
440 3225 594 3304 natalitio,
615 3227 674 3290 sed
697 3227 810 3306 eciam,
825 3229 869 3291 ad
889 3235 1119 3308 contemptum
1139 3224 1235 3302 illius,
1255 3223 1382 3306 prefate
1400 3224 1536 3302 mulieri,
1557 3245 1661 3306 quam

353 3375 362 3408 ¹
383 3379 416 3432 In
428 3380 458 3434 S.
472 3379 555 3434 deum
568 3389 596 3434 et
608 3379 704 3435 before
716 3380 840 3436 beatum.
877 3380 940 3434 The
953 3377 1115 3434 dedication
1128 3386 1203 3432 must
1216 3378 1289 3432 have
1301 3377 1376 3431 been
1388 3385 1418 3432 to
1430 3377 1479 3430 the
1489 3374 1589 3446 Virgin
1602 3377 1661 3432 and

318 3466 347 3520 S.
361 3465 434 3520 Olaf.
470 3469 524 3521 But
538 3466 633 3522 Snorri
647 3467 715 3522 does
729 3477 778 3522 not
791 3467 918 3521 mention
931 3468 992 3522 that
1005 3467 1054 3520 the
1067 3464 1212 3534 promised
1224 3464 1331 3518 church
1344 3480 1402 3518 was
1414 3463 1492 3518 built.

352 3551 362 3583 ¹
382 3556 457 3608 Here
470 3572 511 3610 we
527 3555 604 3610 leam
617 3555 678 3610 that
696 3556 745 3610 the
757 3555 863 3624 church
875 3564 905 3608 at
918 3553 1093 3623 Trondhjem
1107 3570 1164 3607 was
1183 3552 1311 3606 adorned
1324 3551 1391 3605 with
1402 3551 1532 3622 precious
1551 3551 1662 3622 objects

318 3642 436 3711 brought
448 3642 519 3696 from
533 3641 774 3712 Constantinople.

352 3727 454 3784 'Secu
470 3745 495 3796 4.
512 3730 544 3784 S.
587 3730 674 3784 Hom.
691 3743 748 3798 153,
761 3730 834 3784 Mir.
852 3728 911 3796 iiii;
937 3728 1035 3796 Geisli,
1049 3727 1159 3796 35,r36;
1182 3728 1251 3798 Leg.
1270 3726 1360 3798 Saga,
1376 3726 1444 3794 1063
1471 3727 1554 3797 Olafi
1570 3727 1660 3800 Saga,

319 3818 378 3872 268.
415 3817 574 3887 Prepositus
593 3817 729 3886 probably
741 3833 841 3872 means
854 3819 903 3872 the
915 3834 1008 3886 reeve,
1020 3815 1117 3884 bailiff,
1130 3832 1163 3869 or
1174 3815 1248 3869 local
1263 3813 1436 3886 magistrate,
1449 3824 1499 3868 not
1512 3815 1661 3885 ‘provost,’

317 3923 349 3961 as
362 3906 390 3960 in
402 3907 450 3960 the
462 3905 510 3960 old
523 3905 651 3961 Swedisb
665 3905 791 3976 Legend.

351 3993 407 4048 ¹S.
421 3992 498 4048 Lake
510 3992 584 4049 xviii.
596 4008 622 4049 2.
1300 3989 1490 4046 ⁶ut-studio
1502 3996 1580 4046 caret
1590 3991 1623 4046 S.
1701 4006 1705 4014 “
1820 3979 1863 4014 ·’

351 4079 361 4112 ⁶
381 4083 413 4136 ln
427 4082 457 4136 C.
468 4081 498 4136 C.
510 4082 539 4137 C.
553 4079 677 4149 fiticium,
689 4079 755 4136 with
768 4081 993 4152 csuperscribed
1005 4080 1034 4137 in
1046 4082 1118 4137 later
1130 4079 1216 4136 hand.

351 4167 362 4196 ⁷
379 4169 416 4224 ad
428 4167 801 4224 ostendendam-idoneum
813 4175 890 4224 caret
901 4170 934 4224 S.
953 4201 956 4222 ε
