3832 4760
301 340 332 392 il
543 321 696 380 PASSIO
725 322 788 378 ET
810 319 1047 380 MIRACULA
1081 321 1165 379 ΒΕΑ
1176 321 1221 379 TI
1249 319 1394 379 OLAIJI.

457 627 624 676 extulere
648 627 737 678 urnn
762 629 894 678 snucn
918 611 1192 701 OLA(U1)uacrs
1216 629 1263 678 ΕΤ
1288 626 1478 676 mannans.

658 750 854 801 mcrmuur
879 749 1076 800 uruncunn
1099 750 1276 799 arusuanr.

382 904 502 988 Opere¹
516 909 660 990 precium
676 919 727 972 est
743 910 785 971 de
801 907 912 970 multis
929 905 1100 984 miraculis,
1111 927 1176 987 que
1188 908 1231 970 ad
1246 906 1511 970 commendanda
1524 905 1641 968 merita

296 1025 424 1106 gloriosi
442 1030 578 1092 martiris
598 1029 684 1092 olaui
708 1029 861 1090 dominus
884 1026 1011 1106 operari
1033 1025 1188 1106 dignatus
1211 1036 1270 1102 est,
1285 1045 1390 1106 pauca
1412 1025 1641 1106 perstringere,

297 1149 446 1227 quatinus
463 1150 493 1210 in
510 1149 639 1210 laudem
655 1159 689 1211 et
706 1145 922 1210 reuerentiam
938 1143 1050 1209 diuine
1066 1145 1200 1226 pietatis
1215 1141 1438 1208 audientium²
1454 1144 1642 1207 excitentur

296 1269 402 1344 animi,
416 1279 448 1332 et
460 1280 614 1349 quantam
630 1268 770 1348 gratiam
784 1277 817 1330 et
828 1266 965 1348 gloriam
978 1263 1130 1330 dominus
1141 1275 1256 1330 sancto
1272 1286 1331 1328 suo
1345 1263 1475 1328 dederit
1491 1260 1644 1327 fidelibus

297 1389 486 1452 innotescat.
774 1467 783 1484 .

352 1547 355 1550 -
382 1509 488 1570 Nocte
511 1507 608 1589 igitur
622 1509 819 1589 precedente
841 1509 942 1585 diem,
958 1529 1023 1590 qua
1046 1508 1160 1571 martir
1175 1507 1306 1572 inclitus
1329 1526 1446 1589 passus
1462 1513 1521 1580 est,
1538 1523 1641 1586 appa·

297 1629 358 1692 ruit
368 1627 381 1664 ³
392 1629 420 1691 ei
434 1629 582 1691 dominus
598 1627 716 1706 ihesus,
728 1629 919 1706 demulcens
915 1629 1022 1744 illum
1035 1630 1143 1692 uerbis
1158 1620 1386 1703 bonisssuerbis
1401 1625 1640 1690 consolatoriis.

296 1747 438 1823 Accede,
456 1749 574 1830 inquid,
589 1750 632 1810 ad
648 1769 710 1826 me,
727 1749 848 1812 dilecte
863 1750 917 1827 mi,
933 1759 1065 1832 tempus
1081 1759 1132 1812 est
1147 1758 1185 1811 ut
1200 1747 1351 1810 laborum
1367 1757 1498 1810 tuorum
1516 1745 1642 1809 fructus

297 1868 497 1930 dulcissimos
515 1887 636 1948 carpas,
653 1879 686 1930 et
703 1869 735 1928 in
751 1869 951 1949 sempiterna
966 1867 1074 1932 leticia
1097 1850 1210 1931 nostro
1230 1867 1398 1930 consorcio
1413 1865 1532 1943 fruens,
1547 1885 1639 1929 coro·

299 2007 373 2048 nam
390 1988 544 2067 suscipias
559 1987 692 2050 honoris
708 1987 819 2050 eterni.
862 1987 939 2069 Qua
955 1989 1081 2051 uisione
1097 1988 1211 2051 martir
1225 1987 1407 2050 admodum
1428 1987 1641 2063 confortatus,

300 2117 333 2168 ct
353 2109 512 2170 suauitate
532 2107 695 2182 ineffabili,
714 2127 815 2190 quam
836 2119 1037 2190 perceperat,
1058 2128 1157 2190 supra
1179 2108 1315 2171 modum
1335 2089 1546 2186 delectatus⁴,
1566 2126 1642 2188 pas-

298 2226 378 2288 sioni
394 2248 429 2289 se
445 2228 527 2290 letus
542 2227 670 2310 optulit,
687 2231 752 2292 iam
771 2229 929 2292 diuinitus
951 2203 1074 2293 scalam
1096 2243 1331 2319 congnoscens,
1347 2247 1448 2309 quam
1465 2227 1497 2288 in
1518 2227 1642 2289 somnis

299 2367 400 2428 nuper
414 2350 454 2410 ad
472 2347 558 2412 celos
574 2359 716 2413 erectam
734 2349 881 2427 uiderat;
902 2347 1106 2442 postquam⁶
1121 2349 1165 2412 ad
1180 2348 1399 2424 dulcedinem,
1411 2367 1513 2430 quam
1528 2355 1643 2429 gusta-

300 2479 398 2540 uerat,
415 2467 550 2532 feliciter
565 2480 635 2532 erat
650 2488 853 2533 ascensurus.

388 2587 548 2652 Enotut0⁶
560 2590 670 2671 itaque
685 2589 847 2672 passionis
862 2590 949 2653 illius
961 2598 1120 2671 tempore,
1131 2601 1208 2653 eum
1224 2588 1256 2651 in
1271 2589 1373 2652 domo
1388 2589 1533 2670 quadam
1549 2607 1643 2651 sanc·

183 2699 193 2712 “
298 2707 457 2772 tissimum
473 2729 589 2790 corpus
610 2710 679 2773 eius
698 2709 825 2792 regales
846 2710 1003 2774 lauissent
1026 2705 1174 2788 ministri,
1190 2710 1336 2792 proiecta
1358 2717 1410 2773 est
1425 2718 1504 2773 ante
1518 2709 1641 2772 ostium

297 2829 413 2891 domus
431 2851 515 2912 aqua
531 2831 636 2895 mixta
653 2832 823 2913 sanguine,
839 2852 904 2913 que
920 2833 962 2895 de
978 2829 1167 2895 uulneribus
1184 2830 1324 2894 martiris
1340 2830 1429 2894 beati
1445 2828 1642 2896 defluxerat.

333 3000 341 3032 ¹
363 3004 395 3056 lu
417 3005 446 3056 S.
470 3004 539 3058 from
558 3003 684 3074 ‘Opere'
702 3015 731 3060 to
750 3004 940 3077 ‘innotescat’
961 3005 985 3060 is
1007 3005 1153 3075 preamble
1175 3012 1205 3059 to
1227 3005 1298 3074 Cap.
1318 2997 1357 3072 11,
1382 3001 1441 3057 and
1463 3002 1589 3058 ‘Nocte’
1610 3013 1641 3059 to

299 3087 493 3144 ‘ascensurus’
511 3091 534 3144 is
552 3091 634 3159 given
654 3109 685 3146 as
705 3093 781 3148 Sect.
800 3091 836 3161 xi,
857 3093 927 3162 Cap.
942 3091 965 3146 1.
1415 3081 1417 3086 ⁸

334 3174 346 3205 ²
362 3176 431 3230 This
444 3177 558 3247 history,
570 3180 646 3246 then,
660 3179 683 3232 is
696 3179 832 3236 intended
844 3181 888 3234 lor
900 3179 995 3250 public
1008 3179 1126 3248 reading
1139 3177 1168 3232 in
1180 3177 1229 3233 the
1241 3172 1357 3232 ehurch.

334 3261 345 3292 ⁸
363 3263 507 3334 ‘Apparuit
518 3265 556 3319 ei'
568 3275 598 3320 to
611 3266 810 3322 ‘demulcens'2
829 3284 862 3322 so
875 3266 904 3322 in
918 3267 1009 3322 Gcisli
1019 3266 1076 3321 and
1088 3266 1118 3320 in
1132 3258 1267 3336 Homily3
1284 3261 1335 3319 but
1347 3282 1365 3320 a
1378 3259 1509 3320 different
1521 3277 1642 3342 account

300 3350 323 3404 is
337 3349 426 3420 given,
442 3352 534 3406 Schol.
547 3367 589 3421 42,
603 3352 696 3407 Adam
709 3353 742 3406 of
756 3355 887 3424 Bremen,
901 3353 927 3408 ii.
943 3367 976 3423 59
989 3349 1089 3423 (Pertz,
1100 3355 1266 3424 Sm'ptma
1279 3345 1324 3406 vii.
1338 3351 1412 3422 327),
1426 3351 1537 3423 ‘Olaph
1550 3394 1557 3408 .
1570 3393 1578 3410 .
1593 3395 1600 3410 .
1613 3353 1642 3408 in
1678 3368 1680 3372 ’

300 3438 361 3507 ipso
371 3439 512 3508 procinctu
525 3439 611 3494 fertur
623 3438 651 3494 in
664 3440 807 3510 papilione
817 3441 960 3496 dormiens
973 3439 1134 3511 sompnium
1144 3439 1257 3495 vidisse.
1290 3435 1419 3509 Cumque
1429 3441 1641 3510 supervenirent

299 3527 403 3594 hostes,
416 3527 508 3580 adhuc
525 3525 573 3580 illo
585 3526 756 3597 quiescente,
770 3526 826 3582 dux
845 3528 887 3583 sui
907 3527 1054 3597 exercitus,
1069 3525 1141 3582 Phin
1160 3527 1284 3596 nomine,
1297 3527 1447 3595 accedens,
1459 3544 1556 3596 regem
1569 3527 1642 3583 exci-

300 3615 375 3668 tavit.
407 3616 486 3668 Tunc
498 3615 544 3669 ille
557 3613 700 3684 suspirans
714 3616 731 3643 “
740 3617 775 3684 Ο,
789 3615 857 3687 quid
870 3615 960 3672 fecisti
970 3613 1000 3671 ?’'
1019 3615 1118 3686 inquit.
1144 3614 1311 3670 “Videbam
1324 3631 1370 3669 me
1378 3631 1429 3685 per
1437 3610 1554 3683 scalam,
1562 3615 1642 3686 cujus

300 3713 394 3756 vertex
407 3701 499 3756 sidera
516 3711 652 3772 tangeret,
664 3703 837 3760 ascendisse.
875 3705 949 3772 Heu,
959 3703 1019 3775 jam
1032 3719 1216 3773 perveneram
1229 3701 1267 3757 ad
1285 3717 1429 3756 summum
1447 3696 1521 3758 illius
1538 3705 1642 3772 scalae,

301 3789 466 3858 caelumque
484 3788 551 3842 milri
570 3799 698 3859 apertum
718 3802 760 3845 est
780 3791 957 3860 ingredienti,
969 3791 1023 3846 nisi
1043 3801 1073 3846 tu
1088 3808 1134 3845 me
1152 3785 1317 3844 suscitando
1336 3792 1525 3846 revocasses.'’
1561 3791 1641 3847 Post·

299 3892 383 3946 quam
402 3876 539 3930 visionem
561 3877 629 3932 vidit
653 3896 710 3946 rex,
730 3879 936 3935 circumventus
961 3897 979 3934 a
1002 3878 1069 3946 suis,
1088 3895 1153 3932 cum
1178 3895 1236 3932 non
1260 3887 1439 3948 repugnaret,
1457 3877 1595 3934 occiditur
1613 3890 1642 3935 et

299 3963 431 4033 martyrio
443 3968 607 4020 coronatur!
634 3967 675 4022 Cf.
686 3967 913 4039 Heimskn'ngla,
923 3969 987 4036 4813
1008 3966 1082 4037 Olaf
1086 3967 1167 4038 Saga
1180 3965 1245 4020 Iu'ns
1257 3959 1341 4037 Helg.
1352 3981 1378 4020 c.
1391 3980 1455 4033 2113
1473 3959 1540 4036 Leg.
1553 3967 1642 4038 Saga,

299 4069 322 4106 c.
336 4053 377 4122 89
673 4053 684 4084 ⁴
702 4065 730 4110 et
743 4056 985 4111 sua—delectatus
997 4058 1074 4110 caret
1084 4055 1116 4110 S.
1384 4051 1395 4084 ⁶
1412 4071 1463 4124 per
1475 4071 1560 4124 quam
1573 4053 1605 4110 S.

335 4139 346 4170 ⁸
365 4142 434 4210 Cap.
449 4141 487 4208 Il,
500 4151 566 4195 sect.
581 4157 601 4196 1.
615 4144 644 4196 S.
686 4144 718 4195 ln
733 4143 818 4198 Hom.
831 4144 904 4198 Mir.
917 4143 934 4197 i.
971 4144 1056 4196 Brev.
1070 4142 1210 4196 Abrrdon.
1226 4143 1301 4196 Lect.
1316 4160 1340 4196 v.
