3832 4760
443 317 603 376 PASSIO
633 315 696 372 ET
719 314 955 374 MIRACULA
992 315 1133 372 BEATI
1160 313 1302 372 OLAUI.
1497 330 1548 388 roy

196 531 363 596 confessus
387 542 437 595 est
460 555 479 594 a
505 533 588 594 festo
613 534 710 594 beate
736 530 895 594 MARIE
919 532 1087 613 usquead
1112 530 1203 592 illum
1227 529 1325 606 diem,
1347 529 1425 610 quid
1450 530 1491 592 de
1514 553 1550 594 se

197 655 298 728 fieret,
324 654 376 716 uel
400 654 454 716 ubi
479 664 574 727 esset,
597 674 632 714 sc
656 653 787 734 penitus
811 653 968 734 ignorare.
1015 653 1144 714 Eadem
1167 652 1268 714 etiam
1291 650 1354 725 die,
1371 661 1549 734 antequam

197 775 305 837 cibum
328 783 479 852 sumeret,
500 776 532 836 in
554 783 786 855 argumentum
805 773 949 856 perfecte
968 774 1153 846 curationis,
1170 774 1212 835 ad
1233 772 1399 854 agendum
1417 773 1548 852 gratias

197 915 312 958 omnes
328 895 483 960 ecclesias
500 895 644 958 ciuitatis
660 895 823 960 niderosie
839 916 984 978 congrua
999 896 1177 960 deuotione
1192 893 1316 957 accitus
1332 892 1488 956 uisitauit.

281 1307 475 1369 QUALITER
500 1310 657 1360 IUUENIS
681 1309 832 1371 QUIDAM
857 1311 903 1357 AB
927 1309 1123 1361 ILLUSIONE
1148 1309 1381 1360 FANTASTICA
1403 1307 1461 1358 SIT

765 1428 984 1478 LIBERATUS.

284 1575 323 1636 In
351 1575 437 1652 uilla,
460 1597 525 1656 que
553 1573 721 1658 uttorgar¹
745 1575 870 1652 dicitur,
895 1575 1019 1638 iuuenis
1042 1577 1177 1658 quidam
1201 1598 1276 1640 cum
1300 1577 1447 1640 eiusdem
1472 1575 1549 1637 uille

197 1693 315 1756 colono
342 1715 452 1756 annua
479 1716 515 1757 se
538 1695 692 1776 pactione
720 1693 894 1758 locauerat.
941 1695 1105 1778 Quicum
1134 1698 1177 1759 ad
1201 1696 1413 1760 incidendum
1437 1695 1549 1776 lingna

197 1815 251 1875 die
278 1815 422 1896 quadam
450 1837 566 1878 nemus
593 1823 732 1898 peteret,
760 1823 897 1897 accepta
922 1817 1035 1891 securi,
1063 1825 1096 1879 et
1123 1817 1197 1898 equi
1225 1815 1368 1894 collari0,
1395 1815 1438 1877 ad
1465 1835 1549 1895 opus

198 1934 375 1999 festinauit.
420 1935 455 1998 A
484 1936 631 1999 finitimis
659 1937 758 2018 igitur
781 1936 930 2018 partibus
953 1937 1030 2000 uille
1056 1937 1141 2001 intra
1164 1937 1307 2000 nemoris
1331 1945 1364 2000 et
1387 1935 1550 1998 montium

196 2065 322 2118 secreta
352 2057 541 2135 deueniens,
572 2058 654 2119 duas
686 2056 838 2120 mulieres
869 2079 887 2120 e
917 2055 1020 2121 latere
1050 2059 1229 2137 uenientes,
1258 2057 1344 2121 illius
1381 2056 1550 2140 prouincie

197 2175 327 2238 feminis
368 2177 458 2240 cultu
498 2188 531 2240 et
571 2177 681 2259 specie
719 2177 818 2260 longe
856 2179 1090 2259 prestantiores
1128 2176 1332 2260 prospexit2.
1400 2176 1550 2260 Quarum

196 2297 337 2361 formam
357 2308 390 2361 et
413 2297 563 2361 habitum
588 2319 663 2361 cum
688 2299 758 2380 ipse
782 2299 963 2375 miraretur,
986 2309 1095 2362 mente
1118 2309 1243 2382 captus,
1268 2320 1333 2380 quo
1355 2319 1411 2361 eas
1433 2319 1550 2380 seque-

196 2428 285 2480 retur
315 2418 498 2500 ignorabat.
555 2418 707 2502 Cumque
737 2421 861 2483 diutius
891 2441 1003 2484 earum
1033 2420 1154 2484 ducatu
1185 2441 1245 2502 per
1274 2420 1361 2482 inuia
1390 2427 1550 2500 ageretur,

196 2539 228 2600 in
255 2539 386 2602 obiecta
410 2561 490 2623 rupe
516 2551 646 2604 antrum
674 2540 821 2625 patebat.
867 2539 967 2623 Quod
990 2541 1046 2604 ille
1072 2541 1245 2625 ingressus,
1270 2541 1476 2602 innumeram
1504 2538 1551 2601 le·

196 2660 339 2723 tantium
370 2669 404 2724 et
434 2663 528 2744 quasi
560 2663 807 2724 conuiuantium
839 2661 971 2724 turbam
1002 2663 1170 2744 conspicit,
1201 2663 1234 2724 in
1264 2680 1405 2743 quorum
1441 2659 1550 2722 medio

197 2801 282 2842 unus
311 2781 407 2862 quasi
437 2783 554 2845 ceteris
584 2782 775 2846 honoratior
805 2783 981 2858 residebat,
1014 2783 1105 2846 cuius
1135 2802 1271 2846 censura
1302 2780 1428 2862 reliqua
1454 2779 1552 2844 turba

197 2899 264 2982 regi
292 2900 477 2964 uidebatur.
524 2903 625 2974 Hunc
652 2923 728 2966 cunr
758 2901 886 2966 isdem³
913 2902 1031 2966 nobilis
1061 2903 1199 2966 intrasse
1225 2903 1439 2983 conspiceret,
1466 2901 1552 2964 bene

195 3039 272 3082 eum
296 3021 425 3085 uenisse
451 3023 702 3104 gratulabatur;
717 3024 856 3105 reliqua
879 3044 1012 3107 quoque
1035 3025 1131 3088 turba
1154 3024 1223 3087 eius
1242 3021 1445 3104 susceptioni
1468 3021 1551 3085 leta-

195 3141 309 3204 bunda
330 3143 531 3226 congaudet,
549 3154 593 3220 et,
610 3144 687 3208 licet
710 3145 853 3208 uniuersi
876 3165 953 3207 eum
976 3154 1146 3228 gratanter
1167 3144 1332 3226 suscipere
1353 3139 1551 3221 uiderentur,

230 3361 239 3392 ¹
260 3365 334 3417 Now
354 3363 493 3433 Udtorge‚
513 3365 604 3420 under
622 3363 727 3434 66025‘.
775 3368 808 3420 ln
835 3365 1005 3436 Helgeland,
1024 3364 1156 3435 formerly
1173 3363 1265 3419 called
1285 3361 1468 3432 Halogaland
1487 3361 1552 3432 (the

197 3451 274 3520 Holy
288 3450 394 3521 Laud).
1546 3485 1548 3490 ·

229 3535 241 3567 ²
261 3539 294 3592 In
313 3539 362 3594 the
380 3540 519 3594 Miracles
536 3541 572 3610 os
583 3541 614 3594 S.
629 3539 710 3611 John
729 3542 765 3613 os
773 3541 918 3611 Beverley,
934 3557 962 3612 p.
975 3555 1036 3614 311,
1053 3539 1128 3603 cited
1147 3539 1247 3606 above,
1265 3556 1283 3592 a
1301 3537 1349 3592 lad
1366 3537 1399 3591 of
1414 3537 1516 3606 Beilby
1528 3537 1553 3598 is

196 3625 337 3695 punished
349 3627 393 3681 for
405 3627 449 3681 his
463 3627 549 3696 levrly
562 3645 594 3682 as
607 3629 726 3684 follows.
765 3631 813 3684 He
826 3639 900 3684 went
917 3639 946 3683 to
962 3629 1011 3682 the
1024 3627 1120 3681 woods
1138 3638 1168 3681 to
1186 3638 1261 3681 meet
1277 3644 1295 3680 a
1312 3625 1365 3695 girl
1377 3625 1444 3679 with
1458 3625 1552 3680 whom

194 3713 231 3768 he
244 3712 328 3783 ‘kept
341 3716 501 3784 company,'
515 3725 648 3785 contrary
661 3726 691 3770 to
704 3717 754 3771 the
763 3715 834 3770 wish
847 3717 881 3770 of
889 3715 934 3770 his
946 3725 1071 3786 parents.
1110 3714 1257 3784 Presentfy
1268 3713 1306 3767 he
1318 3711 1431 3767 fancied
1443 3713 1480 3767 he
1492 3729 1552 3767 saw

195 3800 245 3855 her
257 3801 380 3870 through
393 3801 442 3856 the
455 3803 629 3857 underwood
642 3804 701 3858 and
713 3803 828 3858 hurried
841 3820 879 3858 on
892 3813 922 3858 to
934 3813 1010 3858 meet
1023 3803 1082 3870 her,
1091 3802 1142 3856 but
1155 3802 1227 3856 after
1239 3801 1324 3856 much
1336 3799 1501 3870 wandering
1513 3817 1552 3871 up

194 3889 252 3942 and
264 3889 348 3944 down
360 3890 397 3943 he
410 3907 467 3944 was
481 3891 585 3945 unable
598 3901 628 3946 to
641 3892 777 3948 overtake
789 3893 861 3958 her;
878 3891 924 3946 ‘ut
936 3899 1045 3946 teneret
1058 3906 1115 3944 non
1128 3889 1224 3959 valuit,
1237 3888 1288 3944 sed
1301 3887 1488 3944 daemoniaco
1502 3888 1552 3957 fig-

194 3986 292 4032 mento
314 3976 363 4032 diu
385 3977 517 4046 delusus;
542 3979 660 4034 tandem
683 3977 799 4035 evanuit
821 3995 895 4050 quae
917 3979 1011 4048 puella
1029 3977 1185 4046 videbatur,
1204 3986 1345 4045 necerat,
1364 3976 1416 4030 sed
1435 3975 1552 4046 spiritus

194 4066 335 4135 nequam!
371 4067 418 4120 On
431 4065 488 4120 this
501 4066 550 4122 the
563 4067 620 4138 boy
632 4069 767 4123 returned
779 4069 866 4122 home
878 4067 1014 4136 perfectly
1026 4053 1123 4135 dumb,
1136 4065 1186 4120 but
1199 4065 1237 4134 by
1249 4065 1298 4119 the
1310 4064 1377 4134 help
1390 4064 1424 4118 of
1432 4065 1462 4119 S.
1475 4065 1551 4134 John

195 4152 231 4208 he
243 4155 399 4210 recovered
412 4153 457 4209 his
470 4155 585 4224 speech.
1190 4150 1201 4182 ³
1220 4150 1276 4206 Sic.

845 4267 904 4316 1³2
