3830 4766
477 338 634 400 PASSIO
662 337 728 396 ET
750 337 987 398 MIRACULA
1020 335 1163 396 BEnTl
1193 337 1335 397 OLntlJ.
1526 361 1579 418 ¹¹3

234 567 312 623 uoto
328 558 544 642 peruenirent,
561 557 715 620 honorari
732 556 902 635 deberent,
918 578 1018 639 quam
1033 558 1151 620 beatus
1167 557 1282 621 olauus
1298 579 1341 621 ex
1362 557 1506 622 fidelium
1521 560 1580 624 ob·

232 679 415 744 lationibus.
452 677 512 743 Set
534 679 613 759 quia
632 677 721 740 nulla
737 689 788 742 est
804 677 998 742 conuential
1013 678 1124 744 christi
1142 681 1183 742 ad
1200 678 1297 742 belial
1309 677 1331 756 ²,
1348 680 1381 741 in
1396 700 1455 743 suo
1471 701 1578 745 errore

232 800 351 882 repulsi
367 810 443 865 sunt
455 799 573 864 miseri.
606 799 773 864 Ueniente
789 821 868 863 uero
883 801 1037 882 proxima
1052 801 1116 878 die,
1125 799 1221 864 simul
1234 820 1308 863 cum
1322 801 1426 864 noctis
1438 799 1576 883 caligine

230 923 438 1004 tempestatis
450 922 582 987 recessit
592 921 709 1005 caligo
743 921 846 986 Facta
858 931 970 985 autem
982 922 1160 986 serenitate
1172 921 1391 1004 tranquillitas
1403 921 1578 986 subsecuta

231 1052 290 1116 est,
307 1053 341 1107 et
355 1043 629 1126 tranquillitatem
646 1055 741 1108 tanta
757 1046 895 1126 piscium
912 1044 1139 1108 habundantia
1160 1054 1196 1107 ut
1214 1045 1257 1108 de
1275 1044 1346 1108 solo
1366 1045 1467 1108 ductu
1486 1054 1575 1126 post-

229 1163 364 1228 modum
394 1177 616 1248 quererentur.
677 1165 739 1230 Set
772 1167 857 1231 inest
888 1166 1044 1230 miraculo
1073 1166 1233 1248 quiddam
1265 1166 1446 1230 mirabilius
1475 1166 1575 1230 dictu.

228 1285 334 1350 Simul
349 1287 470 1350 cotidie
482 1307 559 1350 cum
577 1285 761 1349 christianis
777 1288 819 1349 ad
840 1297 1011 1368 capturam
1035 1289 1155 1368 pagani
1174 1290 1383 1366 conueniunt,
1403 1297 1464 1361 set,
1483 1287 1576 1370 quasi

226 1427 247 1468 a
262 1408 324 1474 deo
339 1408 452 1488 spreti,
469 1417 580 1488 preter
594 1405 728 1468 solitum
745 1427 765 1468 a
782 1407 926 1487 piscibus
942 1426 1017 1468 cum
1032 1408 1192 1470 uniuersis
1212 1410 1337 1472 artibus
1357 1410 1423 1472 suis
1444 1407 1575 1472 frustra-

225 1528 355 1589 bantur.
402 1527 491 1588 Nam
507 1545 620 1587 eorum
637 1526 787 1601 nauibus,
803 1527 845 1588 ad
862 1527 1041 1588 instantem
1058 1527 1163 1588 uictus
1183 1530 1424 1604 necessitatem,
1440 1536 1576 1609 captura

227 1645 363 1726 piscium
380 1643 433 1706 uel
448 1644 639 1708 tenuissime
661 1645 719 1706 uix
741 1645 966 1725 proueniebat.
1013 1645 1066 1707 De
1088 1656 1169 1708 uoto
1188 1657 1300 1709 autem
1319 1645 1576 1724 christianorum,

227 1785 287 1846 pro
310 1785 446 1828 numero
469 1765 611 1842 nauium,
635 1765 667 1826 in
691 1765 802 1847 uigilia
824 1785 922 1846 pasce
943 1763 1013 1827 xx²¹
1029 1765 1099 1827 iiiior
1122 1767 1232 1847 magni
1256 1767 1362 1847 pisces
1385 1766 1481 1830 simul
1502 1787 1576 1831 cum

227 1883 353 1965 prefata
369 1883 528 1948 relatione
543 1886 586 1948 ad
604 1905 664 1948 nos
680 1906 784 1968 usque
800 1895 1028 1967 peruenerunt.
1066 1884 1127 1952 Set
1138 1905 1213 1948 cum
1231 1887 1263 1948 in
1279 1887 1333 1950 dei
1349 1885 1438 1950 cultu
1454 1887 1576 1950 ueritas
1604 1860 1613 1962 ἱ,

226 2005 269 2067 sit
284 2005 535 2087 pernecessaria,
545 2003 641 2068 huius
654 2007 699 2068 rei
712 2006 968 2089 assignationem
981 2005 1177 2083 distulimus,
1189 2006 1295 2070 donec
1308 2017 1413 2071 estate
1425 2007 1578 2090 proxima

226 2125 269 2188 ad
284 2125 424 2188 confinia
446 2145 650 2206 paganorum
673 2127 851 2202 uenientes,
867 2127 909 2190 de
931 2125 1010 2204 aliis,
1026 2127 1081 2206 qui
1103 2125 1181 2190 facti
1201 2127 1355 2190 noticiam
1380 2128 1480 2191 etiam
1503 2149 1577 2211 pre·
1610 2127 1617 2210 ᾖ

225 2245 404 2309 sentialiter
418 2245 611 2323 habuerant,
630 2247 860 2312 certitudinem
876 2267 1069 2329 caperemus
1078 2246 1099 2310 ³.

269 2365 397 2430 Ductus
424 2377 475 2431 est
498 2368 541 2431 ad
568 2367 740 2432 ecclesiam
765 2369 855 2432 beati
882 2367 970 2432 olaui
997 2379 1110 2432 taurus
1137 2370 1281 2433 triennis.
1329 2369 1435 2433 Nobis
1463 2356 1596 2434 autem'

225 2487 436 2568 querentibus
460 2489 557 2563 unde,
581 2488 634 2553 uel
658 2508 724 2564 cur,
748 2490 923 2554 duceretur
932 2487 954 2567 ⁴,
977 2489 1063 2554 dixit
1086 2491 1121 2566 is,
1145 2511 1165 2552 a
1187 2492 1279 2554 cuius
1306 2491 1454 2554 ministro
1476 2453 1594 2554 duce-²

225 2607 327 2685 batur,
348 2629 368 2672 a
391 2608 555 2690 prouintia
572 2629 638 2691 que
660 2609 787 2691 lyuxa⁵
804 2611 932 2685 dicitur,
957 2611 1076 2674 uenire.
1124 2608 1269 2674 Causam
1291 2621 1404 2676 autem
1424 2610 1578 2689 reddidit,-

226 2728 344 2806 dicens,
372 2727 458 2792 Cum
485 2728 575 2807 mihi,
599 2730 714 2811 inquit,
742 2729 776 2793 in
805 2731 976 2794 iuuentute
1002 2731 1208 2824 mansionem
1234 2751 1411 2813 parassem,
1438 2740 1473 2794 et
1499 2751 1574 2794 eam
1675 2804 1678 2809 ,

225 2849 380 2912 armentis
404 2857 438 2912 et
463 2849 536 2912 aliis
563 2850 754 2914 necessariis
781 2871 842 2932 pro
866 2851 1002 2915 modulo
1027 2871 1102 2914 meo
1128 2851 1378 2929 instruxissem3
1411 2860 1449 2914 ut
1475 2851 1575 2914 moris

225 2977 273 3032 est
294 2969 496 3047 rusticorum,
515 2969 548 3032 in
569 2990 629 3051 spe
650 2969 889 3052 multiplicandi
912 2969 997 3036 fetus
1019 2970 1211 3034 animalium
1234 2971 1362 3034 auidius
1383 2971 1574 3052 suspendor.

226 3089 352 3154 Uerum
381 3099 439 3153 aut
463 3089 618 3154 sterilitas
643 3099 842 3172 prouentum
865 3092 1018 3174 negabat,
1042 3099 1100 3156 aut
1126 3091 1257 3156 inimica
1284 3111 1373 3155 mors
1398 3091 1574 3154 educatum

224 3209 379 3291 rapiebat.
426 3209 595 3294 Cogitanti
618 3210 731 3294 itaque
753 3211 832 3274 mihi
853 3211 896 3275 de
918 3231 1025 3275 rerum
1047 3201 1267 3290 distractione,
1285 3211 1312 3276 si
1335 3211 1420 3274 forte
1441 3211 1474 3274 in
1494 3210 1573 3274 ciui-

223 3338 291 3394 tate
311 3327 506 3394 fortunatior
527 3329 620 3395 fieret
642 3340 758 3410 status,
777 3333 917 3396 occurrit
939 3331 1118 3396 amicorum
1142 3341 1177 3396 et
1199 3331 1379 3396 uicinorum
1401 3329 1574 3394 consilium

257 3481 333 3538 ¹Sic
346 3481 374 3537 in
388 3483 418 3538 C.
428 3483 497 3537 CC.
580 3544 584 3550 ,
1194 3481 1536 3553 ²2Corinthiansvi.15.

257 3568 268 3600 ³
286 3571 348 3625 The
364 3569 545 3640 Arcbbishop
564 3570 664 3626 makes
683 3571 763 3628 strict
782 3571 902 3644 inquiry,
914 3573 1011 3628 before
1029 3571 1169 3642 crediting
1187 3571 1243 3626 this
1262 3570 1385 3638 miracle,
1404 3569 1506 3640 during
1523 3571 1572 3626 the

222 3654 362 3728 following
380 3674 512 3727 summer,
527 3659 608 3713 when
628 3676 666 3713 on
686 3660 729 3714 his
748 3660 892 3715 visitation
912 3661 940 3715 in
959 3661 1020 3715 that
1039 3669 1102 3731 part
1121 3659 1154 3712 of
1167 3658 1213 3713 his
1231 3657 1346 3713 diocese
1363 3656 1509 3726 adjoining
1522 3658 1571 3712 the

223 3745 344 3814 Pagans.
379 3744 449 3798 This
462 3745 555 3799 would
573 3745 610 3801 be
629 3745 658 3800 in
673 3748 865 3817 Halogaland,
879 3747 970 3802 which
989 3746 1018 3800 in
1036 3746 1121 3800 those
1139 3745 1211 3814 days
1226 3745 1367 3800 extended
1379 3761 1411 3799 as
1423 3744 1466 3798 far
1477 3761 1509 3798 as
1521 3744 1571 3798 tbe

222 3832 454 3902 Malanger·fJord
468 3849 538 3888 near
550 3835 681 3904 Tromsb,
694 3835 752 3889 and
765 3835 899 3890 included
911 3835 948 3889 all
966 3835 1028 3889 that
1041 3843 1105 3904 part
1117 3833 1151 3886 of
1160 3833 1285 3901 Norway
1296 3849 1360 3886 now
1372 3831 1464 3887 called
1477 3831 1569 3886 Nord-

220 3918 296 3975 land.
332 3919 425 3974 North
438 3919 471 3974 of
479 3920 536 3974 this
549 3937 622 3976 were
635 3923 702 3992 only
715 3923 839 3978 heatben
853 3924 949 3993 Lapps
961 3939 994 3976 or
1007 3921 1077 3976 Fins
1090 3937 1098 3988 3
1116 3920 1152 3976 cf.
1167 3921 1284 3989 Muuch,
1296 3919 1363 3975 ibid.

254 4006 265 4037 ⁴
284 4004 442 4076 duceretur]
456 4007 597 4076 dueretur,
611 4009 675 4065 MS.

254 4091 266 4123 ⁸
283 4095 345 4151 The
358 4093 450 4149 island
462 4093 495 4149 of
506 4095 581 4150 Lexa
593 4094 622 4150 in
637 4097 741 4168 Fosen,
754 4098 883 4154 between
899 4097 1019 4154 Hiteren
1032 4096 1091 4152 and
1105 4097 1252 4168 Agdanes.
1284 4095 1317 4149 ln
1331 4107 1398 4162 1340
1410 4093 1431 4150 it
1444 4111 1501 4148 was
1513 4092 1569 4147 still

219 4181 311 4237 called
325 4183 408 4238 dea.

881 4281 906 4344 Q
